%YAML 1.1
%TAG !u! tag:unity3d.com,2011:
--- !u!29 &1
OcclusionCullingSettings:
  m_ObjectHideFlags: 0
  serializedVersion: 2
  m_OcclusionBakeSettings:
    smallestOccluder: 5
    smallestHole: 0.25
    backfaceThreshold: 100
  m_SceneGUID: 00000000000000000000000000000000
  m_OcclusionCullingData: {fileID: 0}
--- !u!104 &2
RenderSettings:
  m_ObjectHideFlags: 0
  serializedVersion: 9
  m_Fog: 0
  m_FogColor: {r: 0.5, g: 0.5, b: 0.5, a: 1}
  m_FogMode: 3
  m_FogDensity: 0.01
  m_LinearFogStart: 0
  m_LinearFogEnd: 300
  m_AmbientSkyColor: {r: 0.212, g: 0.227, b: 0.259, a: 1}
  m_AmbientEquatorColor: {r: 0.114, g: 0.125, b: 0.133, a: 1}
  m_AmbientGroundColor: {r: 0.047, g: 0.043, b: 0.035, a: 1}
  m_AmbientIntensity: 1
  m_AmbientMode: 0
  m_SubtractiveShadowColor: {r: 0.42, g: 0.478, b: 0.627, a: 1}
  m_SkyboxMaterial: {fileID: 0}
  m_HaloStrength: 0.5
  m_FlareStrength: 1
  m_FlareFadeSpeed: 3
  m_HaloTexture: {fileID: 0}
  m_SpotCookie: {fileID: 10001, guid: 0000000000000000e000000000000000, type: 0}
  m_DefaultReflectionMode: 0
  m_DefaultReflectionResolution: 128
  m_ReflectionBounces: 1
  m_ReflectionIntensity: 1
  m_CustomReflection: {fileID: 0}
  m_Sun: {fileID: 0}
  m_IndirectSpecularColor: {r: 2058.6426, g: 2159.748, b: 2439.4023, a: 1}
  m_UseRadianceAmbientProbe: 0
--- !u!157 &3
LightmapSettings:
  m_ObjectHideFlags: 0
  serializedVersion: 12
  m_GIWorkflowMode: 1
  m_GISettings:
    serializedVersion: 2
    m_BounceScale: 1
    m_IndirectOutputScale: 1
    m_AlbedoBoost: 1
    m_EnvironmentLightingMode: 0
    m_EnableBakedLightmaps: 1
    m_EnableRealtimeLightmaps: 0
  m_LightmapEditorSettings:
    serializedVersion: 12
    m_Resolution: 2
    m_BakeResolution: 40
    m_AtlasSize: 1024
    m_AO: 0
    m_AOMaxDistance: 1
    m_CompAOExponent: 1
    m_CompAOExponentDirect: 0
    m_ExtractAmbientOcclusion: 0
    m_Padding: 2
    m_LightmapParameters: {fileID: 0}
    m_LightmapsBakeMode: 1
    m_TextureCompression: 1
    m_FinalGather: 0
    m_FinalGatherFiltering: 1
    m_FinalGatherRayCount: 256
    m_ReflectionCompression: 2
    m_MixedBakeMode: 2
    m_BakeBackend: 1
    m_PVRSampling: 1
    m_PVRDirectSampleCount: 32
    m_PVRSampleCount: 512
    m_PVRBounces: 2
    m_PVREnvironmentSampleCount: 256
    m_PVREnvironmentReferencePointCount: 2048
    m_PVRFilteringMode: 1
    m_PVRDenoiserTypeDirect: 1
    m_PVRDenoiserTypeIndirect: 1
    m_PVRDenoiserTypeAO: 1
    m_PVRFilterTypeDirect: 0
    m_PVRFilterTypeIndirect: 0
    m_PVRFilterTypeAO: 0
    m_PVREnvironmentMIS: 1
    m_PVRCulling: 1
    m_PVRFilteringGaussRadiusDirect: 1
    m_PVRFilteringGaussRadiusIndirect: 5
    m_PVRFilteringGaussRadiusAO: 2
    m_PVRFilteringAtrousPositionSigmaDirect: 0.5
    m_PVRFilteringAtrousPositionSigmaIndirect: 2
    m_PVRFilteringAtrousPositionSigmaAO: 1
    m_ExportTrainingData: 0
    m_TrainingDataDestination: TrainingData
    m_LightProbeSampleCountMultiplier: 4
  m_LightingDataAsset: {fileID: 0}
  m_LightingSettings: {fileID: 0}
--- !u!196 &4
NavMeshSettings:
  serializedVersion: 2
  m_ObjectHideFlags: 0
  m_BuildSettings:
    serializedVersion: 2
    agentTypeID: 0
    agentRadius: 0.5
    agentHeight: 2
    agentSlope: 45
    agentClimb: 0.4
    ledgeDropHeight: 0
    maxJumpAcrossDistance: 0
    minRegionArea: 2
    manualCellSize: 0
    cellSize: 0.16666667
    manualTileSize: 0
    tileSize: 256
    accuratePlacement: 0
    maxJobWorkers: 0
    preserveTilesOutsideBounds: 0
    debug:
      m_Flags: 0
  m_NavMeshData: {fileID: 0}
--- !u!1001 &231843994
PrefabInstance:
  m_ObjectHideFlags: 0
  serializedVersion: 2
  m_Modification:
    m_TransformParent: {fileID: 718487177}
    m_Modifications:
    - target: {fileID: 1928040183256327523, guid: 6a86d64a406edb148b55973e746989a8, type: 3}
      propertyPath: m_AnchorMax.x
      value: 0
      objectReference: {fileID: 0}
    - target: {fileID: 1928040183256327523, guid: 6a86d64a406edb148b55973e746989a8, type: 3}
      propertyPath: m_AnchorMax.y
      value: 0
      objectReference: {fileID: 0}
    - target: {fileID: 1928040183256327523, guid: 6a86d64a406edb148b55973e746989a8, type: 3}
      propertyPath: m_AnchorMin.x
      value: 0
      objectReference: {fileID: 0}
    - target: {fileID: 1928040183598361938, guid: 6a86d64a406edb148b55973e746989a8, type: 3}
      propertyPath: m_AnchorMax.x
      value: 0
      objectReference: {fileID: 0}
    - target: {fileID: 1928040183598361938, guid: 6a86d64a406edb148b55973e746989a8, type: 3}
      propertyPath: m_AnchorMax.y
      value: 0
      objectReference: {fileID: 0}
    - target: {fileID: 1928040183751989776, guid: 6a86d64a406edb148b55973e746989a8, type: 3}
      propertyPath: m_Name
      value: Label - Volume
      objectReference: {fileID: 0}
    - target: {fileID: 1928040183751989783, guid: 6a86d64a406edb148b55973e746989a8, type: 3}
      propertyPath: m_Pivot.x
      value: 0.5
      objectReference: {fileID: 0}
    - target: {fileID: 1928040183751989783, guid: 6a86d64a406edb148b55973e746989a8, type: 3}
      propertyPath: m_Pivot.y
      value: 0.5
      objectReference: {fileID: 0}
    - target: {fileID: 1928040183751989783, guid: 6a86d64a406edb148b55973e746989a8, type: 3}
      propertyPath: m_RootOrder
      value: 0
      objectReference: {fileID: 0}
    - target: {fileID: 1928040183751989783, guid: 6a86d64a406edb148b55973e746989a8, type: 3}
      propertyPath: m_AnchorMax.x
      value: 0
      objectReference: {fileID: 0}
    - target: {fileID: 1928040183751989783, guid: 6a86d64a406edb148b55973e746989a8, type: 3}
      propertyPath: m_AnchorMax.y
      value: 0
      objectReference: {fileID: 0}
    - target: {fileID: 1928040183751989783, guid: 6a86d64a406edb148b55973e746989a8, type: 3}
      propertyPath: m_AnchorMin.x
      value: 0
      objectReference: {fileID: 0}
    - target: {fileID: 1928040183751989783, guid: 6a86d64a406edb148b55973e746989a8, type: 3}
      propertyPath: m_AnchorMin.y
      value: 0
      objectReference: {fileID: 0}
    - target: {fileID: 1928040183751989783, guid: 6a86d64a406edb148b55973e746989a8, type: 3}
      propertyPath: m_SizeDelta.x
      value: 363.038
      objectReference: {fileID: 0}
    - target: {fileID: 1928040183751989783, guid: 6a86d64a406edb148b55973e746989a8, type: 3}
      propertyPath: m_SizeDelta.y
      value: 34.8831
      objectReference: {fileID: 0}
    - target: {fileID: 1928040183751989783, guid: 6a86d64a406edb148b55973e746989a8, type: 3}
      propertyPath: m_LocalPosition.x
      value: 0
      objectReference: {fileID: 0}
    - target: {fileID: 1928040183751989783, guid: 6a86d64a406edb148b55973e746989a8, type: 3}
      propertyPath: m_LocalPosition.y
      value: 0
      objectReference: {fileID: 0}
    - target: {fileID: 1928040183751989783, guid: 6a86d64a406edb148b55973e746989a8, type: 3}
      propertyPath: m_LocalPosition.z
      value: 0
      objectReference: {fileID: 0}
    - target: {fileID: 1928040183751989783, guid: 6a86d64a406edb148b55973e746989a8, type: 3}
      propertyPath: m_LocalRotation.w
      value: 1
      objectReference: {fileID: 0}
    - target: {fileID: 1928040183751989783, guid: 6a86d64a406edb148b55973e746989a8, type: 3}
      propertyPath: m_LocalRotation.x
      value: 0
      objectReference: {fileID: 0}
    - target: {fileID: 1928040183751989783, guid: 6a86d64a406edb148b55973e746989a8, type: 3}
      propertyPath: m_LocalRotation.y
      value: 0
      objectReference: {fileID: 0}
    - target: {fileID: 1928040183751989783, guid: 6a86d64a406edb148b55973e746989a8, type: 3}
      propertyPath: m_LocalRotation.z
      value: 0
      objectReference: {fileID: 0}
    - target: {fileID: 1928040183751989783, guid: 6a86d64a406edb148b55973e746989a8, type: 3}
      propertyPath: m_AnchoredPosition.x
      value: 0
      objectReference: {fileID: 0}
    - target: {fileID: 1928040183751989783, guid: 6a86d64a406edb148b55973e746989a8, type: 3}
      propertyPath: m_AnchoredPosition.y
      value: 0
      objectReference: {fileID: 0}
    - target: {fileID: 1928040183751989783, guid: 6a86d64a406edb148b55973e746989a8, type: 3}
      propertyPath: m_LocalEulerAnglesHint.x
      value: 0
      objectReference: {fileID: 0}
    - target: {fileID: 1928040183751989783, guid: 6a86d64a406edb148b55973e746989a8, type: 3}
      propertyPath: m_LocalEulerAnglesHint.y
      value: 0
      objectReference: {fileID: 0}
    - target: {fileID: 1928040183751989783, guid: 6a86d64a406edb148b55973e746989a8, type: 3}
      propertyPath: m_LocalEulerAnglesHint.z
      value: 0
      objectReference: {fileID: 0}
    - target: {fileID: 1928040183797403481, guid: 6a86d64a406edb148b55973e746989a8, type: 3}
      propertyPath: m_OnValueChanged.m_PersistentCalls.m_Calls.Array.data[0].m_Target
      value: 
      objectReference: {fileID: 347678057}
    - target: {fileID: 1928040183797403481, guid: 6a86d64a406edb148b55973e746989a8, type: 3}
      propertyPath: m_OnValueChanged.m_PersistentCalls.m_Calls.Array.data[0].m_MethodName
      value: SetMasterVolume
      objectReference: {fileID: 0}
    - target: {fileID: 1928040183797403482, guid: 6a86d64a406edb148b55973e746989a8, type: 3}
      propertyPath: m_AnchorMax.y
      value: 0
      objectReference: {fileID: 0}
    - target: {fileID: 1928040183797403482, guid: 6a86d64a406edb148b55973e746989a8, type: 3}
      propertyPath: m_AnchorMin.y
      value: 0
      objectReference: {fileID: 0}
    - target: {fileID: 1928040183797403482, guid: 6a86d64a406edb148b55973e746989a8, type: 3}
      propertyPath: m_AnchoredPosition.x
      value: 0
      objectReference: {fileID: 0}
    - target: {fileID: 1928040183797403482, guid: 6a86d64a406edb148b55973e746989a8, type: 3}
      propertyPath: m_AnchoredPosition.y
      value: 0
      objectReference: {fileID: 0}
    - target: {fileID: 1928040183797403483, guid: 6a86d64a406edb148b55973e746989a8, type: 3}
      propertyPath: m_Name
      value: Slider-Master
      objectReference: {fileID: 0}
    - target: {fileID: 1928040183860120358, guid: 6a86d64a406edb148b55973e746989a8, type: 3}
      propertyPath: m_AnchorMax.y
      value: 0
      objectReference: {fileID: 0}
    - target: {fileID: 1928040183860120358, guid: 6a86d64a406edb148b55973e746989a8, type: 3}
      propertyPath: m_AnchorMin.y
      value: 0
      objectReference: {fileID: 0}
    - target: {fileID: 1928040183860120358, guid: 6a86d64a406edb148b55973e746989a8, type: 3}
      propertyPath: m_AnchoredPosition.x
      value: 0
      objectReference: {fileID: 0}
    - target: {fileID: 1928040183860120358, guid: 6a86d64a406edb148b55973e746989a8, type: 3}
      propertyPath: m_AnchoredPosition.y
      value: 0
      objectReference: {fileID: 0}
    m_RemovedComponents: []
  m_SourcePrefab: {fileID: 100100000, guid: 6a86d64a406edb148b55973e746989a8, type: 3}
--- !u!114 &231843995 stripped
MonoBehaviour:
  m_CorrespondingSourceObject: {fileID: 1928040183797403481, guid: 6a86d64a406edb148b55973e746989a8, type: 3}
  m_PrefabInstance: {fileID: 231843994}
  m_PrefabAsset: {fileID: 0}
  m_GameObject: {fileID: 0}
  m_Enabled: 1
  m_EditorHideFlags: 0
  m_Script: {fileID: 11500000, guid: 67db9e8f0e2ae9c40bc1e2b64352a6b4, type: 3}
  m_Name: 
  m_EditorClassIdentifier: 
--- !u!224 &231843996 stripped
RectTransform:
  m_CorrespondingSourceObject: {fileID: 1928040183751989783, guid: 6a86d64a406edb148b55973e746989a8, type: 3}
  m_PrefabInstance: {fileID: 231843994}
  m_PrefabAsset: {fileID: 0}
--- !u!114 &265110810 stripped
MonoBehaviour:
  m_CorrespondingSourceObject: {fileID: 1928040183797403481, guid: 6a86d64a406edb148b55973e746989a8, type: 3}
  m_PrefabInstance: {fileID: 659936421}
  m_PrefabAsset: {fileID: 0}
  m_GameObject: {fileID: 0}
  m_Enabled: 1
  m_EditorHideFlags: 0
  m_Script: {fileID: 11500000, guid: 67db9e8f0e2ae9c40bc1e2b64352a6b4, type: 3}
  m_Name: 
  m_EditorClassIdentifier: 
--- !u!1001 &291967004
PrefabInstance:
  m_ObjectHideFlags: 0
  serializedVersion: 2
  m_Modification:
    m_TransformParent: {fileID: 1953379215}
    m_Modifications:
    - target: {fileID: 1315537323704498172, guid: 1bb2715187b980d489e2db852186842c, type: 3}
      propertyPath: m_AnchorMax.y
      value: 0
      objectReference: {fileID: 0}
    - target: {fileID: 1315537323704498172, guid: 1bb2715187b980d489e2db852186842c, type: 3}
      propertyPath: m_AnchorMin.y
      value: 0
      objectReference: {fileID: 0}
    - target: {fileID: 1315537323704498172, guid: 1bb2715187b980d489e2db852186842c, type: 3}
      propertyPath: m_SizeDelta.x
      value: 0
      objectReference: {fileID: 0}
    - target: {fileID: 1315537323704498172, guid: 1bb2715187b980d489e2db852186842c, type: 3}
      propertyPath: m_AnchoredPosition.x
      value: 0
      objectReference: {fileID: 0}
    - target: {fileID: 1315537323704498172, guid: 1bb2715187b980d489e2db852186842c, type: 3}
      propertyPath: m_AnchoredPosition.y
      value: 0
      objectReference: {fileID: 0}
    - target: {fileID: 3879048420466831329, guid: 1bb2715187b980d489e2db852186842c, type: 3}
      propertyPath: m_AnchorMax.y
      value: 0
      objectReference: {fileID: 0}
    - target: {fileID: 3879048420466831329, guid: 1bb2715187b980d489e2db852186842c, type: 3}
      propertyPath: m_AnchorMin.y
      value: 0
      objectReference: {fileID: 0}
    - target: {fileID: 3879048420466831329, guid: 1bb2715187b980d489e2db852186842c, type: 3}
      propertyPath: m_SizeDelta.x
      value: 0
      objectReference: {fileID: 0}
    - target: {fileID: 3879048420466831329, guid: 1bb2715187b980d489e2db852186842c, type: 3}
      propertyPath: m_AnchoredPosition.x
      value: 0
      objectReference: {fileID: 0}
    - target: {fileID: 3879048420466831329, guid: 1bb2715187b980d489e2db852186842c, type: 3}
      propertyPath: m_AnchoredPosition.y
      value: 0
      objectReference: {fileID: 0}
    - target: {fileID: 5163597595284445848, guid: 1bb2715187b980d489e2db852186842c, type: 3}
      propertyPath: m_IsActive
      value: 0
      objectReference: {fileID: 0}
    - target: {fileID: 5236648342693288556, guid: 1bb2715187b980d489e2db852186842c, type: 3}
      propertyPath: m_audioClip
      value: 
      objectReference: {fileID: 8300000, guid: 4681da30529ae6e4a89154cb58ef9ea7, type: 3}
    - target: {fileID: 5236648342693288556, guid: 1bb2715187b980d489e2db852186842c, type: 3}
      propertyPath: OutputAudioMixerGroup
      value: 
      objectReference: {fileID: -537073987695851360, guid: 751a0917dc367bc478e351bd74fd04c2, type: 2}
    - target: {fileID: 5620530068521573810, guid: 1bb2715187b980d489e2db852186842c, type: 3}
      propertyPath: m_Type
      value: 0
      objectReference: {fileID: 0}
    - target: {fileID: 5620530068521573810, guid: 1bb2715187b980d489e2db852186842c, type: 3}
      propertyPath: m_Sprite
      value: 
      objectReference: {fileID: 21300000, guid: a6425e8c563b70c4c92b3d6ff322727c, type: 3}
    - target: {fileID: 6046141232932649916, guid: 1bb2715187b980d489e2db852186842c, type: 3}
      propertyPath: m_text
      value: SFX
      objectReference: {fileID: 0}
    - target: {fileID: 6046141232932649916, guid: 1bb2715187b980d489e2db852186842c, type: 3}
      propertyPath: m_fontAsset
      value: 
      objectReference: {fileID: 11400000, guid: 8a7c031e1ebb4ac4582c5069ee2a4818, type: 2}
    - target: {fileID: 6046141232932649916, guid: 1bb2715187b980d489e2db852186842c, type: 3}
      propertyPath: m_sharedMaterial
      value: 
      objectReference: {fileID: 8954817779151906720, guid: 8a7c031e1ebb4ac4582c5069ee2a4818, type: 2}
    - target: {fileID: 6046141232932649916, guid: 1bb2715187b980d489e2db852186842c, type: 3}
      propertyPath: m_hasFontAssetChanged
      value: 0
      objectReference: {fileID: 0}
    - target: {fileID: 6410630843663385593, guid: 1bb2715187b980d489e2db852186842c, type: 3}
      propertyPath: m_AnchorMax.y
      value: 0
      objectReference: {fileID: 0}
    - target: {fileID: 6410630843663385593, guid: 1bb2715187b980d489e2db852186842c, type: 3}
      propertyPath: m_AnchorMin.y
      value: 0
      objectReference: {fileID: 0}
    - target: {fileID: 6410630843663385593, guid: 1bb2715187b980d489e2db852186842c, type: 3}
      propertyPath: m_AnchoredPosition.x
      value: 0
      objectReference: {fileID: 0}
    - target: {fileID: 6410630843663385593, guid: 1bb2715187b980d489e2db852186842c, type: 3}
      propertyPath: m_AnchoredPosition.y
      value: 0
      objectReference: {fileID: 0}
    - target: {fileID: 7044759736591715539, guid: 1bb2715187b980d489e2db852186842c, type: 3}
      propertyPath: m_Name
      value: SoundPlayer (1)
      objectReference: {fileID: 0}
    - target: {fileID: 7350917617248957085, guid: 1bb2715187b980d489e2db852186842c, type: 3}
      propertyPath: m_AnchorMax.y
      value: 1
      objectReference: {fileID: 0}
    - target: {fileID: 7350917617248957085, guid: 1bb2715187b980d489e2db852186842c, type: 3}
      propertyPath: m_AnchorMin.y
      value: 1
      objectReference: {fileID: 0}
    - target: {fileID: 7350917617248957085, guid: 1bb2715187b980d489e2db852186842c, type: 3}
      propertyPath: m_AnchoredPosition.x
      value: 234.75876
      objectReference: {fileID: 0}
    - target: {fileID: 7350917617248957085, guid: 1bb2715187b980d489e2db852186842c, type: 3}
      propertyPath: m_AnchoredPosition.y
      value: -19.2395
      objectReference: {fileID: 0}
    - target: {fileID: 7625069577944157700, guid: 1bb2715187b980d489e2db852186842c, type: 3}
      propertyPath: m_IsActive
      value: 0
      objectReference: {fileID: 0}
    - target: {fileID: 8553162789467396058, guid: 1bb2715187b980d489e2db852186842c, type: 3}
      propertyPath: m_AnchorMax.y
      value: 0
      objectReference: {fileID: 0}
    - target: {fileID: 8553162789467396058, guid: 1bb2715187b980d489e2db852186842c, type: 3}
      propertyPath: m_AnchorMin.y
      value: 0
      objectReference: {fileID: 0}
    - target: {fileID: 8553162789467396058, guid: 1bb2715187b980d489e2db852186842c, type: 3}
      propertyPath: m_AnchoredPosition.x
      value: 0
      objectReference: {fileID: 0}
    - target: {fileID: 8553162789467396058, guid: 1bb2715187b980d489e2db852186842c, type: 3}
      propertyPath: m_AnchoredPosition.y
      value: 0
      objectReference: {fileID: 0}
    - target: {fileID: 8554173296933725869, guid: 1bb2715187b980d489e2db852186842c, type: 3}
      propertyPath: m_Pivot.x
      value: 0.5
      objectReference: {fileID: 0}
    - target: {fileID: 8554173296933725869, guid: 1bb2715187b980d489e2db852186842c, type: 3}
      propertyPath: m_Pivot.y
      value: 0.5
      objectReference: {fileID: 0}
    - target: {fileID: 8554173296933725869, guid: 1bb2715187b980d489e2db852186842c, type: 3}
      propertyPath: m_RootOrder
      value: 1
      objectReference: {fileID: 0}
    - target: {fileID: 8554173296933725869, guid: 1bb2715187b980d489e2db852186842c, type: 3}
      propertyPath: m_AnchorMax.x
      value: 0
      objectReference: {fileID: 0}
    - target: {fileID: 8554173296933725869, guid: 1bb2715187b980d489e2db852186842c, type: 3}
      propertyPath: m_AnchorMax.y
      value: 0
      objectReference: {fileID: 0}
    - target: {fileID: 8554173296933725869, guid: 1bb2715187b980d489e2db852186842c, type: 3}
      propertyPath: m_AnchorMin.x
      value: 0
      objectReference: {fileID: 0}
    - target: {fileID: 8554173296933725869, guid: 1bb2715187b980d489e2db852186842c, type: 3}
      propertyPath: m_AnchorMin.y
      value: 0
      objectReference: {fileID: 0}
    - target: {fileID: 8554173296933725869, guid: 1bb2715187b980d489e2db852186842c, type: 3}
      propertyPath: m_SizeDelta.x
      value: 323.0137
      objectReference: {fileID: 0}
    - target: {fileID: 8554173296933725869, guid: 1bb2715187b980d489e2db852186842c, type: 3}
      propertyPath: m_SizeDelta.y
      value: 119.1957
      objectReference: {fileID: 0}
    - target: {fileID: 8554173296933725869, guid: 1bb2715187b980d489e2db852186842c, type: 3}
      propertyPath: m_LocalScale.x
      value: 2.0253
      objectReference: {fileID: 0}
    - target: {fileID: 8554173296933725869, guid: 1bb2715187b980d489e2db852186842c, type: 3}
      propertyPath: m_LocalScale.y
      value: 2.0253
      objectReference: {fileID: 0}
    - target: {fileID: 8554173296933725869, guid: 1bb2715187b980d489e2db852186842c, type: 3}
      propertyPath: m_LocalScale.z
      value: 2.0253
      objectReference: {fileID: 0}
    - target: {fileID: 8554173296933725869, guid: 1bb2715187b980d489e2db852186842c, type: 3}
      propertyPath: m_LocalPosition.x
      value: 0
      objectReference: {fileID: 0}
    - target: {fileID: 8554173296933725869, guid: 1bb2715187b980d489e2db852186842c, type: 3}
      propertyPath: m_LocalPosition.y
      value: 0
      objectReference: {fileID: 0}
    - target: {fileID: 8554173296933725869, guid: 1bb2715187b980d489e2db852186842c, type: 3}
      propertyPath: m_LocalPosition.z
      value: 0
      objectReference: {fileID: 0}
    - target: {fileID: 8554173296933725869, guid: 1bb2715187b980d489e2db852186842c, type: 3}
      propertyPath: m_LocalRotation.w
      value: 1
      objectReference: {fileID: 0}
    - target: {fileID: 8554173296933725869, guid: 1bb2715187b980d489e2db852186842c, type: 3}
      propertyPath: m_LocalRotation.x
      value: -0
      objectReference: {fileID: 0}
    - target: {fileID: 8554173296933725869, guid: 1bb2715187b980d489e2db852186842c, type: 3}
      propertyPath: m_LocalRotation.y
      value: -0
      objectReference: {fileID: 0}
    - target: {fileID: 8554173296933725869, guid: 1bb2715187b980d489e2db852186842c, type: 3}
      propertyPath: m_LocalRotation.z
      value: -0
      objectReference: {fileID: 0}
    - target: {fileID: 8554173296933725869, guid: 1bb2715187b980d489e2db852186842c, type: 3}
      propertyPath: m_AnchoredPosition.x
      value: 0
      objectReference: {fileID: 0}
    - target: {fileID: 8554173296933725869, guid: 1bb2715187b980d489e2db852186842c, type: 3}
      propertyPath: m_AnchoredPosition.y
      value: 0
      objectReference: {fileID: 0}
    - target: {fileID: 8554173296933725869, guid: 1bb2715187b980d489e2db852186842c, type: 3}
      propertyPath: m_LocalEulerAnglesHint.x
      value: 0
      objectReference: {fileID: 0}
    - target: {fileID: 8554173296933725869, guid: 1bb2715187b980d489e2db852186842c, type: 3}
      propertyPath: m_LocalEulerAnglesHint.y
      value: 0
      objectReference: {fileID: 0}
    - target: {fileID: 8554173296933725869, guid: 1bb2715187b980d489e2db852186842c, type: 3}
      propertyPath: m_LocalEulerAnglesHint.z
      value: 0
      objectReference: {fileID: 0}
    - target: {fileID: 9176414084974894828, guid: 1bb2715187b980d489e2db852186842c, type: 3}
      propertyPath: m_AnchorMax.y
      value: 1
      objectReference: {fileID: 0}
    - target: {fileID: 9176414084974894828, guid: 1bb2715187b980d489e2db852186842c, type: 3}
      propertyPath: m_AnchorMin.y
      value: 1
      objectReference: {fileID: 0}
    - target: {fileID: 9176414084974894828, guid: 1bb2715187b980d489e2db852186842c, type: 3}
      propertyPath: m_SizeDelta.x
      value: 313.0117
      objectReference: {fileID: 0}
    - target: {fileID: 9176414084974894828, guid: 1bb2715187b980d489e2db852186842c, type: 3}
      propertyPath: m_AnchoredPosition.x
      value: 161.50584
      objectReference: {fileID: 0}
    - target: {fileID: 9176414084974894828, guid: 1bb2715187b980d489e2db852186842c, type: 3}
      propertyPath: m_AnchoredPosition.y
      value: -103.479004
      objectReference: {fileID: 0}
    m_RemovedComponents: []
  m_SourcePrefab: {fileID: 100100000, guid: 1bb2715187b980d489e2db852186842c, type: 3}
--- !u!1 &347678056
GameObject:
  m_ObjectHideFlags: 0
  m_CorrespondingSourceObject: {fileID: 0}
  m_PrefabInstance: {fileID: 0}
  m_PrefabAsset: {fileID: 0}
  serializedVersion: 6
  m_Component:
  - component: {fileID: 347678058}
  - component: {fileID: 347678057}
  m_Layer: 0
  m_Name: Sound Manager
  m_TagString: Untagged
  m_Icon: {fileID: 0}
  m_NavMeshLayer: 0
  m_StaticEditorFlags: 0
  m_IsActive: 1
--- !u!114 &347678057
MonoBehaviour:
  m_ObjectHideFlags: 0
  m_CorrespondingSourceObject: {fileID: 0}
  m_PrefabInstance: {fileID: 0}
  m_PrefabAsset: {fileID: 0}
  m_GameObject: {fileID: 347678056}
  m_Enabled: 1
  m_EditorHideFlags: 0
  m_Script: {fileID: 11500000, guid: 2267fd781ad37d242877231a72e65540, type: 3}
  m_Name: 
  m_EditorClassIdentifier: 
  m_SoundSettings: {fileID: 11400000, guid: 51d684dd26064fa46b021c68bf061546, type: 2}
  m_SliderMasterVolume: {fileID: 231843995}
  m_SliderMusicVolume: {fileID: 265110810}
  m_SliderSFXVolume: {fileID: 2036206080}
--- !u!4 &347678058
Transform:
  m_ObjectHideFlags: 0
  m_CorrespondingSourceObject: {fileID: 0}
  m_PrefabInstance: {fileID: 0}
  m_PrefabAsset: {fileID: 0}
  m_GameObject: {fileID: 347678056}
  m_LocalRotation: {x: 0, y: 0, z: 0, w: 1}
  m_LocalPosition: {x: 0.4612465, y: 9.553326, z: 0.66909266}
  m_LocalScale: {x: 1, y: 1, z: 1}
  m_ConstrainProportionsScale: 0
  m_Children: []
  m_Father: {fileID: 0}
  m_RootOrder: 4
  m_LocalEulerAnglesHint: {x: 0, y: 0, z: 0}
--- !u!1 &587761348
GameObject:
  m_ObjectHideFlags: 0
  m_CorrespondingSourceObject: {fileID: 0}
  m_PrefabInstance: {fileID: 0}
  m_PrefabAsset: {fileID: 0}
  serializedVersion: 6
  m_Component:
  - component: {fileID: 587761351}
  - component: {fileID: 587761350}
  - component: {fileID: 587761349}
  m_Layer: 0
  m_Name: Main Camera
  m_TagString: MainCamera
  m_Icon: {fileID: 0}
  m_NavMeshLayer: 0
  m_StaticEditorFlags: 0
  m_IsActive: 1
--- !u!81 &587761349
AudioListener:
  m_ObjectHideFlags: 0
  m_CorrespondingSourceObject: {fileID: 0}
  m_PrefabInstance: {fileID: 0}
  m_PrefabAsset: {fileID: 0}
  m_GameObject: {fileID: 587761348}
  m_Enabled: 1
--- !u!20 &587761350
Camera:
  m_ObjectHideFlags: 0
  m_CorrespondingSourceObject: {fileID: 0}
  m_PrefabInstance: {fileID: 0}
  m_PrefabAsset: {fileID: 0}
  m_GameObject: {fileID: 587761348}
  m_Enabled: 1
  serializedVersion: 2
  m_ClearFlags: 1
  m_BackGroundColor: {r: 0.19215687, g: 0.3019608, b: 0.4745098, a: 0}
  m_projectionMatrixMode: 1
  m_GateFitMode: 2
  m_FOVAxisMode: 0
  m_SensorSize: {x: 36, y: 24}
  m_LensShift: {x: 0, y: 0}
  m_FocalLength: 50
  m_NormalizedViewPortRect:
    serializedVersion: 2
    x: 0
    y: 0
    width: 1
    height: 1
  near clip plane: 0.3
  far clip plane: 1000
  field of view: 60
  orthographic: 0
  orthographic size: 5
  m_Depth: -1
  m_CullingMask:
    serializedVersion: 2
    m_Bits: 4294967295
  m_RenderingPath: -1
  m_TargetTexture: {fileID: 0}
  m_TargetDisplay: 0
  m_TargetEye: 3
  m_HDR: 1
  m_AllowMSAA: 1
  m_AllowDynamicResolution: 0
  m_ForceIntoRT: 0
  m_OcclusionCulling: 1
  m_StereoConvergence: 10
  m_StereoSeparation: 0.022
--- !u!4 &587761351
Transform:
  m_ObjectHideFlags: 0
  m_CorrespondingSourceObject: {fileID: 0}
  m_PrefabInstance: {fileID: 0}
  m_PrefabAsset: {fileID: 0}
  m_GameObject: {fileID: 587761348}
  m_LocalRotation: {x: 0, y: 0, z: 0, w: 1}
  m_LocalPosition: {x: 0, y: 1, z: -10}
  m_LocalScale: {x: 1, y: 1, z: 1}
  m_ConstrainProportionsScale: 0
  m_Children: []
  m_Father: {fileID: 0}
  m_RootOrder: 0
  m_LocalEulerAnglesHint: {x: 0, y: 0, z: 0}
--- !u!1 &588394098
GameObject:
  m_ObjectHideFlags: 0
  m_CorrespondingSourceObject: {fileID: 0}
  m_PrefabInstance: {fileID: 0}
  m_PrefabAsset: {fileID: 0}
  serializedVersion: 6
  m_Component:
  - component: {fileID: 588394100}
  - component: {fileID: 588394099}
  m_Layer: 0
  m_Name: GameObject
  m_TagString: Untagged
  m_Icon: {fileID: 0}
  m_NavMeshLayer: 0
  m_StaticEditorFlags: 0
  m_IsActive: 1
--- !u!114 &588394099
MonoBehaviour:
  m_ObjectHideFlags: 0
  m_CorrespondingSourceObject: {fileID: 0}
  m_PrefabInstance: {fileID: 0}
  m_PrefabAsset: {fileID: 0}
  m_GameObject: {fileID: 588394098}
  m_Enabled: 1
  m_EditorHideFlags: 0
  m_Script: {fileID: 11500000, guid: 59dbf83bbe8d271469c386de562b97e5, type: 3}
  m_Name: 
  m_EditorClassIdentifier: 
--- !u!4 &588394100
Transform:
  m_ObjectHideFlags: 0
  m_CorrespondingSourceObject: {fileID: 0}
  m_PrefabInstance: {fileID: 0}
  m_PrefabAsset: {fileID: 0}
  m_GameObject: {fileID: 588394098}
  m_LocalRotation: {x: 0, y: 0, z: 0, w: 1}
  m_LocalPosition: {x: 770.2915, y: 259.55878, z: 4.196394}
  m_LocalScale: {x: 1, y: 1, z: 1}
  m_ConstrainProportionsScale: 0
  m_Children: []
  m_Father: {fileID: 0}
  m_RootOrder: 5
  m_LocalEulerAnglesHint: {x: 0, y: 0, z: 0}
--- !u!1001 &659936421
PrefabInstance:
  m_ObjectHideFlags: 0
  serializedVersion: 2
  m_Modification:
    m_TransformParent: {fileID: 718487177}
    m_Modifications:
    - target: {fileID: 1928040183256327523, guid: 6a86d64a406edb148b55973e746989a8, type: 3}
      propertyPath: m_AnchorMax.x
      value: 0
      objectReference: {fileID: 0}
    - target: {fileID: 1928040183256327523, guid: 6a86d64a406edb148b55973e746989a8, type: 3}
      propertyPath: m_AnchorMax.y
      value: 0
      objectReference: {fileID: 0}
    - target: {fileID: 1928040183256327523, guid: 6a86d64a406edb148b55973e746989a8, type: 3}
      propertyPath: m_AnchorMin.x
      value: 0
      objectReference: {fileID: 0}
    - target: {fileID: 1928040183598361938, guid: 6a86d64a406edb148b55973e746989a8, type: 3}
      propertyPath: m_AnchorMax.x
      value: 0
      objectReference: {fileID: 0}
    - target: {fileID: 1928040183598361938, guid: 6a86d64a406edb148b55973e746989a8, type: 3}
      propertyPath: m_AnchorMax.y
      value: 0
      objectReference: {fileID: 0}
    - target: {fileID: 1928040183751989776, guid: 6a86d64a406edb148b55973e746989a8, type: 3}
      propertyPath: m_Name
      value: Label - Volume (2)
      objectReference: {fileID: 0}
    - target: {fileID: 1928040183751989783, guid: 6a86d64a406edb148b55973e746989a8, type: 3}
      propertyPath: m_Pivot.x
      value: 0.5
      objectReference: {fileID: 0}
    - target: {fileID: 1928040183751989783, guid: 6a86d64a406edb148b55973e746989a8, type: 3}
      propertyPath: m_Pivot.y
      value: 0.5
      objectReference: {fileID: 0}
    - target: {fileID: 1928040183751989783, guid: 6a86d64a406edb148b55973e746989a8, type: 3}
      propertyPath: m_RootOrder
      value: 1
      objectReference: {fileID: 0}
    - target: {fileID: 1928040183751989783, guid: 6a86d64a406edb148b55973e746989a8, type: 3}
      propertyPath: m_AnchorMax.x
      value: 0
      objectReference: {fileID: 0}
    - target: {fileID: 1928040183751989783, guid: 6a86d64a406edb148b55973e746989a8, type: 3}
      propertyPath: m_AnchorMax.y
      value: 0
      objectReference: {fileID: 0}
    - target: {fileID: 1928040183751989783, guid: 6a86d64a406edb148b55973e746989a8, type: 3}
      propertyPath: m_AnchorMin.x
      value: 0
      objectReference: {fileID: 0}
    - target: {fileID: 1928040183751989783, guid: 6a86d64a406edb148b55973e746989a8, type: 3}
      propertyPath: m_AnchorMin.y
      value: 0
      objectReference: {fileID: 0}
    - target: {fileID: 1928040183751989783, guid: 6a86d64a406edb148b55973e746989a8, type: 3}
      propertyPath: m_SizeDelta.x
      value: 363.038
      objectReference: {fileID: 0}
    - target: {fileID: 1928040183751989783, guid: 6a86d64a406edb148b55973e746989a8, type: 3}
      propertyPath: m_SizeDelta.y
      value: 34.8831
      objectReference: {fileID: 0}
    - target: {fileID: 1928040183751989783, guid: 6a86d64a406edb148b55973e746989a8, type: 3}
      propertyPath: m_LocalPosition.x
      value: 0
      objectReference: {fileID: 0}
    - target: {fileID: 1928040183751989783, guid: 6a86d64a406edb148b55973e746989a8, type: 3}
      propertyPath: m_LocalPosition.y
      value: 0
      objectReference: {fileID: 0}
    - target: {fileID: 1928040183751989783, guid: 6a86d64a406edb148b55973e746989a8, type: 3}
      propertyPath: m_LocalPosition.z
      value: 0
      objectReference: {fileID: 0}
    - target: {fileID: 1928040183751989783, guid: 6a86d64a406edb148b55973e746989a8, type: 3}
      propertyPath: m_LocalRotation.w
      value: 1
      objectReference: {fileID: 0}
    - target: {fileID: 1928040183751989783, guid: 6a86d64a406edb148b55973e746989a8, type: 3}
      propertyPath: m_LocalRotation.x
      value: 0
      objectReference: {fileID: 0}
    - target: {fileID: 1928040183751989783, guid: 6a86d64a406edb148b55973e746989a8, type: 3}
      propertyPath: m_LocalRotation.y
      value: 0
      objectReference: {fileID: 0}
    - target: {fileID: 1928040183751989783, guid: 6a86d64a406edb148b55973e746989a8, type: 3}
      propertyPath: m_LocalRotation.z
      value: 0
      objectReference: {fileID: 0}
    - target: {fileID: 1928040183751989783, guid: 6a86d64a406edb148b55973e746989a8, type: 3}
      propertyPath: m_AnchoredPosition.x
      value: 0
      objectReference: {fileID: 0}
    - target: {fileID: 1928040183751989783, guid: 6a86d64a406edb148b55973e746989a8, type: 3}
      propertyPath: m_AnchoredPosition.y
      value: 0
      objectReference: {fileID: 0}
    - target: {fileID: 1928040183751989783, guid: 6a86d64a406edb148b55973e746989a8, type: 3}
      propertyPath: m_LocalEulerAnglesHint.x
      value: 0
      objectReference: {fileID: 0}
    - target: {fileID: 1928040183751989783, guid: 6a86d64a406edb148b55973e746989a8, type: 3}
      propertyPath: m_LocalEulerAnglesHint.y
      value: 0
      objectReference: {fileID: 0}
    - target: {fileID: 1928040183751989783, guid: 6a86d64a406edb148b55973e746989a8, type: 3}
      propertyPath: m_LocalEulerAnglesHint.z
      value: 0
      objectReference: {fileID: 0}
    - target: {fileID: 1928040183797403481, guid: 6a86d64a406edb148b55973e746989a8, type: 3}
      propertyPath: m_OnValueChanged.m_PersistentCalls.m_Calls.Array.data[0].m_Target
      value: 
      objectReference: {fileID: 347678057}
    - target: {fileID: 1928040183797403481, guid: 6a86d64a406edb148b55973e746989a8, type: 3}
      propertyPath: m_OnValueChanged.m_PersistentCalls.m_Calls.Array.data[0].m_MethodName
      value: SetMusicVolume
      objectReference: {fileID: 0}
    - target: {fileID: 1928040183797403482, guid: 6a86d64a406edb148b55973e746989a8, type: 3}
      propertyPath: m_AnchorMax.y
      value: 0
      objectReference: {fileID: 0}
    - target: {fileID: 1928040183797403482, guid: 6a86d64a406edb148b55973e746989a8, type: 3}
      propertyPath: m_AnchorMin.y
      value: 0
      objectReference: {fileID: 0}
    - target: {fileID: 1928040183797403482, guid: 6a86d64a406edb148b55973e746989a8, type: 3}
      propertyPath: m_AnchoredPosition.x
      value: 0
      objectReference: {fileID: 0}
    - target: {fileID: 1928040183797403482, guid: 6a86d64a406edb148b55973e746989a8, type: 3}
      propertyPath: m_AnchoredPosition.y
      value: 0
      objectReference: {fileID: 0}
    - target: {fileID: 1928040183797403483, guid: 6a86d64a406edb148b55973e746989a8, type: 3}
      propertyPath: m_Name
      value: Slider-Music
      objectReference: {fileID: 0}
    - target: {fileID: 1928040183860120357, guid: 6a86d64a406edb148b55973e746989a8, type: 3}
      propertyPath: m_text
      value: 'Music Volume

'
      objectReference: {fileID: 0}
    - target: {fileID: 1928040183860120358, guid: 6a86d64a406edb148b55973e746989a8, type: 3}
      propertyPath: m_AnchorMax.y
      value: 0
      objectReference: {fileID: 0}
    - target: {fileID: 1928040183860120358, guid: 6a86d64a406edb148b55973e746989a8, type: 3}
      propertyPath: m_AnchorMin.y
      value: 0
      objectReference: {fileID: 0}
    - target: {fileID: 1928040183860120358, guid: 6a86d64a406edb148b55973e746989a8, type: 3}
      propertyPath: m_AnchoredPosition.x
      value: 0
      objectReference: {fileID: 0}
    - target: {fileID: 1928040183860120358, guid: 6a86d64a406edb148b55973e746989a8, type: 3}
      propertyPath: m_AnchoredPosition.y
      value: 0
      objectReference: {fileID: 0}
    m_RemovedComponents: []
  m_SourcePrefab: {fileID: 100100000, guid: 6a86d64a406edb148b55973e746989a8, type: 3}
--- !u!1 &709285424
GameObject:
  m_ObjectHideFlags: 0
  m_CorrespondingSourceObject: {fileID: 0}
  m_PrefabInstance: {fileID: 0}
  m_PrefabAsset: {fileID: 0}
  serializedVersion: 6
  m_Component:
  - component: {fileID: 709285427}
  - component: {fileID: 709285426}
  - component: {fileID: 709285425}
  m_Layer: 0
  m_Name: EventSystem
  m_TagString: Untagged
  m_Icon: {fileID: 0}
  m_NavMeshLayer: 0
  m_StaticEditorFlags: 0
  m_IsActive: 1
--- !u!114 &709285425
MonoBehaviour:
  m_ObjectHideFlags: 0
  m_CorrespondingSourceObject: {fileID: 0}
  m_PrefabInstance: {fileID: 0}
  m_PrefabAsset: {fileID: 0}
  m_GameObject: {fileID: 709285424}
  m_Enabled: 1
  m_EditorHideFlags: 0
  m_Script: {fileID: 11500000, guid: 4f231c4fb786f3946a6b90b886c48677, type: 3}
  m_Name: 
  m_EditorClassIdentifier: 
  m_SendPointerHoverToParent: 1
  m_HorizontalAxis: Horizontal
  m_VerticalAxis: Vertical
  m_SubmitButton: Submit
  m_CancelButton: Cancel
  m_InputActionsPerSecond: 10
  m_RepeatDelay: 0.5
  m_ForceModuleActive: 0
--- !u!114 &709285426
MonoBehaviour:
  m_ObjectHideFlags: 0
  m_CorrespondingSourceObject: {fileID: 0}
  m_PrefabInstance: {fileID: 0}
  m_PrefabAsset: {fileID: 0}
  m_GameObject: {fileID: 709285424}
  m_Enabled: 1
  m_EditorHideFlags: 0
  m_Script: {fileID: 11500000, guid: 76c392e42b5098c458856cdf6ecaaaa1, type: 3}
  m_Name: 
  m_EditorClassIdentifier: 
  m_FirstSelected: {fileID: 0}
  m_sendNavigationEvents: 1
  m_DragThreshold: 10
--- !u!4 &709285427
Transform:
  m_ObjectHideFlags: 0
  m_CorrespondingSourceObject: {fileID: 0}
  m_PrefabInstance: {fileID: 0}
  m_PrefabAsset: {fileID: 0}
  m_GameObject: {fileID: 709285424}
  m_LocalRotation: {x: 0, y: 0, z: 0, w: 1}
  m_LocalPosition: {x: 0, y: 0, z: 0}
  m_LocalScale: {x: 1, y: 1, z: 1}
  m_ConstrainProportionsScale: 0
  m_Children: []
  m_Father: {fileID: 0}
  m_RootOrder: 3
  m_LocalEulerAnglesHint: {x: 0, y: 0, z: 0}
--- !u!1 &718487176
GameObject:
  m_ObjectHideFlags: 0
  m_CorrespondingSourceObject: {fileID: 0}
  m_PrefabInstance: {fileID: 0}
  m_PrefabAsset: {fileID: 0}
  serializedVersion: 6
  m_Component:
  - component: {fileID: 718487177}
  - component: {fileID: 718487178}
  m_Layer: 5
  m_Name: V-Layor
  m_TagString: Untagged
  m_Icon: {fileID: 0}
  m_NavMeshLayer: 0
  m_StaticEditorFlags: 0
  m_IsActive: 1
--- !u!224 &718487177
RectTransform:
  m_ObjectHideFlags: 0
  m_CorrespondingSourceObject: {fileID: 0}
  m_PrefabInstance: {fileID: 0}
  m_PrefabAsset: {fileID: 0}
  m_GameObject: {fileID: 718487176}
  m_LocalRotation: {x: 0, y: 0, z: 0, w: 1}
  m_LocalPosition: {x: 0, y: 0, z: 0}
  m_LocalScale: {x: 4.009668, y: 4.009668, z: 4.009668}
  m_ConstrainProportionsScale: 0
  m_Children:
  - {fileID: 231843996}
  - {fileID: 929377754}
  - {fileID: 1832200047}
  m_Father: {fileID: 1847163507}
  m_RootOrder: 0
  m_LocalEulerAnglesHint: {x: 0, y: 0, z: 0}
  m_AnchorMin: {x: 0.5, y: 0.5}
  m_AnchorMax: {x: 0.5, y: 0.5}
  m_AnchoredPosition: {x: -674, y: 144}
  m_SizeDelta: {x: 100, y: 100}
  m_Pivot: {x: 0.5, y: 0.5}
--- !u!114 &718487178
MonoBehaviour:
  m_ObjectHideFlags: 0
  m_CorrespondingSourceObject: {fileID: 0}
  m_PrefabInstance: {fileID: 0}
  m_PrefabAsset: {fileID: 0}
  m_GameObject: {fileID: 718487176}
  m_Enabled: 1
  m_EditorHideFlags: 0
  m_Script: {fileID: 11500000, guid: 59f8146938fff824cb5fd77236b75775, type: 3}
  m_Name: 
  m_EditorClassIdentifier: 
  m_Padding:
    m_Left: 0
    m_Right: 0
    m_Top: 0
    m_Bottom: 0
  m_ChildAlignment: 0
  m_Spacing: 0
  m_ChildForceExpandWidth: 1
  m_ChildForceExpandHeight: 1
  m_ChildControlWidth: 0
  m_ChildControlHeight: 0
  m_ChildScaleWidth: 0
  m_ChildScaleHeight: 0
  m_ReverseArrangement: 0
--- !u!1001 &765224826
PrefabInstance:
  m_ObjectHideFlags: 0
  serializedVersion: 2
  m_Modification:
    m_TransformParent: {fileID: 1953379215}
    m_Modifications:
    - target: {fileID: 1315537323704498172, guid: 1bb2715187b980d489e2db852186842c, type: 3}
      propertyPath: m_AnchorMax.y
      value: 1
      objectReference: {fileID: 0}
    - target: {fileID: 1315537323704498172, guid: 1bb2715187b980d489e2db852186842c, type: 3}
      propertyPath: m_AnchorMin.y
      value: 1
      objectReference: {fileID: 0}
    - target: {fileID: 1315537323704498172, guid: 1bb2715187b980d489e2db852186842c, type: 3}
      propertyPath: m_SizeDelta.x
      value: 313.0117
      objectReference: {fileID: 0}
    - target: {fileID: 1315537323704498172, guid: 1bb2715187b980d489e2db852186842c, type: 3}
      propertyPath: m_AnchoredPosition.x
      value: 161.50584
      objectReference: {fileID: 0}
    - target: {fileID: 1315537323704498172, guid: 1bb2715187b980d489e2db852186842c, type: 3}
      propertyPath: m_AnchoredPosition.y
      value: -30
      objectReference: {fileID: 0}
    - target: {fileID: 3879048420466831329, guid: 1bb2715187b980d489e2db852186842c, type: 3}
      propertyPath: m_AnchorMax.y
      value: 1
      objectReference: {fileID: 0}
    - target: {fileID: 3879048420466831329, guid: 1bb2715187b980d489e2db852186842c, type: 3}
      propertyPath: m_AnchorMin.y
      value: 1
      objectReference: {fileID: 0}
    - target: {fileID: 3879048420466831329, guid: 1bb2715187b980d489e2db852186842c, type: 3}
      propertyPath: m_SizeDelta.x
      value: 313.0117
      objectReference: {fileID: 0}
    - target: {fileID: 3879048420466831329, guid: 1bb2715187b980d489e2db852186842c, type: 3}
      propertyPath: m_AnchoredPosition.x
      value: 161.50584
      objectReference: {fileID: 0}
    - target: {fileID: 3879048420466831329, guid: 1bb2715187b980d489e2db852186842c, type: 3}
      propertyPath: m_AnchoredPosition.y
      value: -74.2395
      objectReference: {fileID: 0}
    - target: {fileID: 5163597595284445848, guid: 1bb2715187b980d489e2db852186842c, type: 3}
      propertyPath: m_IsActive
      value: 0
      objectReference: {fileID: 0}
    - target: {fileID: 5236648342693288556, guid: 1bb2715187b980d489e2db852186842c, type: 3}
      propertyPath: m_audioClip
      value: 
      objectReference: {fileID: 8300000, guid: 2407bfecd6cb02c448f9b9ecca9ca931, type: 3}
    - target: {fileID: 5236648342693288556, guid: 1bb2715187b980d489e2db852186842c, type: 3}
      propertyPath: OutputAudioMixerGroup
      value: 
      objectReference: {fileID: 2227428655024700349, guid: 751a0917dc367bc478e351bd74fd04c2, type: 2}
    - target: {fileID: 5620530068521573810, guid: 1bb2715187b980d489e2db852186842c, type: 3}
      propertyPath: m_Type
      value: 0
      objectReference: {fileID: 0}
    - target: {fileID: 5620530068521573810, guid: 1bb2715187b980d489e2db852186842c, type: 3}
      propertyPath: m_Sprite
      value: 
      objectReference: {fileID: 21300000, guid: a6425e8c563b70c4c92b3d6ff322727c, type: 3}
    - target: {fileID: 6046141232932649916, guid: 1bb2715187b980d489e2db852186842c, type: 3}
      propertyPath: m_text
      value: Music
      objectReference: {fileID: 0}
    - target: {fileID: 6046141232932649916, guid: 1bb2715187b980d489e2db852186842c, type: 3}
      propertyPath: m_fontAsset
      value: 
      objectReference: {fileID: 11400000, guid: 8a7c031e1ebb4ac4582c5069ee2a4818, type: 2}
    - target: {fileID: 6046141232932649916, guid: 1bb2715187b980d489e2db852186842c, type: 3}
      propertyPath: m_sharedMaterial
      value: 
      objectReference: {fileID: 8954817779151906720, guid: 8a7c031e1ebb4ac4582c5069ee2a4818, type: 2}
    - target: {fileID: 6046141232932649916, guid: 1bb2715187b980d489e2db852186842c, type: 3}
      propertyPath: m_hasFontAssetChanged
      value: 0
      objectReference: {fileID: 0}
    - target: {fileID: 6410630843663385593, guid: 1bb2715187b980d489e2db852186842c, type: 3}
      propertyPath: m_AnchorMax.y
      value: 0
      objectReference: {fileID: 0}
    - target: {fileID: 6410630843663385593, guid: 1bb2715187b980d489e2db852186842c, type: 3}
      propertyPath: m_AnchorMin.y
      value: 0
      objectReference: {fileID: 0}
    - target: {fileID: 6410630843663385593, guid: 1bb2715187b980d489e2db852186842c, type: 3}
      propertyPath: m_AnchoredPosition.x
      value: 0
      objectReference: {fileID: 0}
    - target: {fileID: 6410630843663385593, guid: 1bb2715187b980d489e2db852186842c, type: 3}
      propertyPath: m_AnchoredPosition.y
      value: 0
      objectReference: {fileID: 0}
    - target: {fileID: 7044759736591715539, guid: 1bb2715187b980d489e2db852186842c, type: 3}
      propertyPath: m_Name
      value: SoundPlayer
      objectReference: {fileID: 0}
    - target: {fileID: 7044759736591715539, guid: 1bb2715187b980d489e2db852186842c, type: 3}
      propertyPath: m_IsActive
      value: 0
      objectReference: {fileID: 0}
    - target: {fileID: 7350917617248957085, guid: 1bb2715187b980d489e2db852186842c, type: 3}
      propertyPath: m_AnchorMax.y
      value: 1
      objectReference: {fileID: 0}
    - target: {fileID: 7350917617248957085, guid: 1bb2715187b980d489e2db852186842c, type: 3}
      propertyPath: m_AnchorMin.y
      value: 1
      objectReference: {fileID: 0}
    - target: {fileID: 7350917617248957085, guid: 1bb2715187b980d489e2db852186842c, type: 3}
      propertyPath: m_AnchoredPosition.x
      value: 234.75876
      objectReference: {fileID: 0}
    - target: {fileID: 7350917617248957085, guid: 1bb2715187b980d489e2db852186842c, type: 3}
      propertyPath: m_AnchoredPosition.y
      value: -19.2395
      objectReference: {fileID: 0}
    - target: {fileID: 8553162789467396058, guid: 1bb2715187b980d489e2db852186842c, type: 3}
      propertyPath: m_AnchorMax.y
      value: 1
      objectReference: {fileID: 0}
    - target: {fileID: 8553162789467396058, guid: 1bb2715187b980d489e2db852186842c, type: 3}
      propertyPath: m_AnchorMin.y
      value: 1
      objectReference: {fileID: 0}
    - target: {fileID: 8553162789467396058, guid: 1bb2715187b980d489e2db852186842c, type: 3}
      propertyPath: m_AnchoredPosition.x
      value: 78.25292
      objectReference: {fileID: 0}
    - target: {fileID: 8553162789467396058, guid: 1bb2715187b980d489e2db852186842c, type: 3}
      propertyPath: m_AnchoredPosition.y
      value: -19.2395
      objectReference: {fileID: 0}
    - target: {fileID: 8554173296933725869, guid: 1bb2715187b980d489e2db852186842c, type: 3}
      propertyPath: m_Pivot.x
      value: 0.5
      objectReference: {fileID: 0}
    - target: {fileID: 8554173296933725869, guid: 1bb2715187b980d489e2db852186842c, type: 3}
      propertyPath: m_Pivot.y
      value: 0.5
      objectReference: {fileID: 0}
    - target: {fileID: 8554173296933725869, guid: 1bb2715187b980d489e2db852186842c, type: 3}
      propertyPath: m_RootOrder
      value: 0
      objectReference: {fileID: 0}
    - target: {fileID: 8554173296933725869, guid: 1bb2715187b980d489e2db852186842c, type: 3}
      propertyPath: m_AnchorMax.x
      value: 0
      objectReference: {fileID: 0}
    - target: {fileID: 8554173296933725869, guid: 1bb2715187b980d489e2db852186842c, type: 3}
      propertyPath: m_AnchorMax.y
      value: 0
      objectReference: {fileID: 0}
    - target: {fileID: 8554173296933725869, guid: 1bb2715187b980d489e2db852186842c, type: 3}
      propertyPath: m_AnchorMin.x
      value: 0
      objectReference: {fileID: 0}
    - target: {fileID: 8554173296933725869, guid: 1bb2715187b980d489e2db852186842c, type: 3}
      propertyPath: m_AnchorMin.y
      value: 0
      objectReference: {fileID: 0}
    - target: {fileID: 8554173296933725869, guid: 1bb2715187b980d489e2db852186842c, type: 3}
      propertyPath: m_SizeDelta.x
      value: 323.0137
      objectReference: {fileID: 0}
    - target: {fileID: 8554173296933725869, guid: 1bb2715187b980d489e2db852186842c, type: 3}
      propertyPath: m_SizeDelta.y
      value: 119.1957
      objectReference: {fileID: 0}
    - target: {fileID: 8554173296933725869, guid: 1bb2715187b980d489e2db852186842c, type: 3}
      propertyPath: m_LocalScale.x
      value: 2.0253
      objectReference: {fileID: 0}
    - target: {fileID: 8554173296933725869, guid: 1bb2715187b980d489e2db852186842c, type: 3}
      propertyPath: m_LocalScale.y
      value: 2.0253
      objectReference: {fileID: 0}
    - target: {fileID: 8554173296933725869, guid: 1bb2715187b980d489e2db852186842c, type: 3}
      propertyPath: m_LocalScale.z
      value: 2.0253
      objectReference: {fileID: 0}
    - target: {fileID: 8554173296933725869, guid: 1bb2715187b980d489e2db852186842c, type: 3}
      propertyPath: m_LocalPosition.x
      value: 0
      objectReference: {fileID: 0}
    - target: {fileID: 8554173296933725869, guid: 1bb2715187b980d489e2db852186842c, type: 3}
      propertyPath: m_LocalPosition.y
      value: 0
      objectReference: {fileID: 0}
    - target: {fileID: 8554173296933725869, guid: 1bb2715187b980d489e2db852186842c, type: 3}
      propertyPath: m_LocalPosition.z
      value: 0
      objectReference: {fileID: 0}
    - target: {fileID: 8554173296933725869, guid: 1bb2715187b980d489e2db852186842c, type: 3}
      propertyPath: m_LocalRotation.w
      value: 1
      objectReference: {fileID: 0}
    - target: {fileID: 8554173296933725869, guid: 1bb2715187b980d489e2db852186842c, type: 3}
      propertyPath: m_LocalRotation.x
      value: -0
      objectReference: {fileID: 0}
    - target: {fileID: 8554173296933725869, guid: 1bb2715187b980d489e2db852186842c, type: 3}
      propertyPath: m_LocalRotation.y
      value: -0
      objectReference: {fileID: 0}
    - target: {fileID: 8554173296933725869, guid: 1bb2715187b980d489e2db852186842c, type: 3}
      propertyPath: m_LocalRotation.z
      value: -0
      objectReference: {fileID: 0}
    - target: {fileID: 8554173296933725869, guid: 1bb2715187b980d489e2db852186842c, type: 3}
      propertyPath: m_AnchoredPosition.x
      value: 161.50685
      objectReference: {fileID: 0}
    - target: {fileID: 8554173296933725869, guid: 1bb2715187b980d489e2db852186842c, type: 3}
      propertyPath: m_AnchoredPosition.y
      value: -50
      objectReference: {fileID: 0}
    - target: {fileID: 8554173296933725869, guid: 1bb2715187b980d489e2db852186842c, type: 3}
      propertyPath: m_LocalEulerAnglesHint.x
      value: 0
      objectReference: {fileID: 0}
    - target: {fileID: 8554173296933725869, guid: 1bb2715187b980d489e2db852186842c, type: 3}
      propertyPath: m_LocalEulerAnglesHint.y
      value: 0
      objectReference: {fileID: 0}
    - target: {fileID: 8554173296933725869, guid: 1bb2715187b980d489e2db852186842c, type: 3}
      propertyPath: m_LocalEulerAnglesHint.z
      value: 0
      objectReference: {fileID: 0}
    - target: {fileID: 9176414084974894828, guid: 1bb2715187b980d489e2db852186842c, type: 3}
      propertyPath: m_AnchorMax.y
      value: 1
      objectReference: {fileID: 0}
    - target: {fileID: 9176414084974894828, guid: 1bb2715187b980d489e2db852186842c, type: 3}
      propertyPath: m_AnchorMin.y
      value: 1
      objectReference: {fileID: 0}
    - target: {fileID: 9176414084974894828, guid: 1bb2715187b980d489e2db852186842c, type: 3}
      propertyPath: m_SizeDelta.x
      value: 313.0117
      objectReference: {fileID: 0}
    - target: {fileID: 9176414084974894828, guid: 1bb2715187b980d489e2db852186842c, type: 3}
      propertyPath: m_AnchoredPosition.x
      value: 161.50584
      objectReference: {fileID: 0}
    - target: {fileID: 9176414084974894828, guid: 1bb2715187b980d489e2db852186842c, type: 3}
      propertyPath: m_AnchoredPosition.y
      value: -103.479004
      objectReference: {fileID: 0}
    m_RemovedComponents: []
  m_SourcePrefab: {fileID: 100100000, guid: 1bb2715187b980d489e2db852186842c, type: 3}
--- !u!224 &929377754 stripped
RectTransform:
  m_CorrespondingSourceObject: {fileID: 1928040183751989783, guid: 6a86d64a406edb148b55973e746989a8, type: 3}
  m_PrefabInstance: {fileID: 659936421}
  m_PrefabAsset: {fileID: 0}
--- !u!1 &1080084552
GameObject:
  m_ObjectHideFlags: 0
  m_CorrespondingSourceObject: {fileID: 0}
  m_PrefabInstance: {fileID: 0}
  m_PrefabAsset: {fileID: 0}
  serializedVersion: 6
  m_Component:
  - component: {fileID: 1080084553}
  - component: {fileID: 1080084556}
  - component: {fileID: 1080084555}
  - component: {fileID: 1080084554}
  m_Layer: 5
  m_Name: Button
  m_TagString: Untagged
  m_Icon: {fileID: 0}
  m_NavMeshLayer: 0
  m_StaticEditorFlags: 0
  m_IsActive: 1
--- !u!224 &1080084553
RectTransform:
  m_ObjectHideFlags: 0
  m_CorrespondingSourceObject: {fileID: 0}
  m_PrefabInstance: {fileID: 0}
  m_PrefabAsset: {fileID: 0}
  m_GameObject: {fileID: 1080084552}
  m_LocalRotation: {x: 0, y: 0, z: 0, w: 1}
  m_LocalPosition: {x: 0, y: 0, z: 0}
  m_LocalScale: {x: 2.3118145, y: 2.3118145, z: 2.3118145}
  m_ConstrainProportionsScale: 0
  m_Children:
  - {fileID: 1849500982}
  m_Father: {fileID: 2005476470}
  m_RootOrder: 1
  m_LocalEulerAnglesHint: {x: 0, y: 0, z: 0}
  m_AnchorMin: {x: 1, y: 0}
  m_AnchorMax: {x: 1, y: 0}
  m_AnchoredPosition: {x: -206, y: 141}
  m_SizeDelta: {x: 160, y: 30}
  m_Pivot: {x: 1, y: 0}
--- !u!114 &1080084554
MonoBehaviour:
  m_ObjectHideFlags: 0
  m_CorrespondingSourceObject: {fileID: 0}
  m_PrefabInstance: {fileID: 0}
  m_PrefabAsset: {fileID: 0}
  m_GameObject: {fileID: 1080084552}
  m_Enabled: 1
  m_EditorHideFlags: 0
  m_Script: {fileID: 11500000, guid: 4e29b1a8efbd4b44bb3f3716e73f07ff, type: 3}
  m_Name: 
  m_EditorClassIdentifier: 
  m_Navigation:
    m_Mode: 3
    m_WrapAround: 0
    m_SelectOnUp: {fileID: 0}
    m_SelectOnDown: {fileID: 0}
    m_SelectOnLeft: {fileID: 0}
    m_SelectOnRight: {fileID: 0}
  m_Transition: 1
  m_Colors:
    m_NormalColor: {r: 1, g: 1, b: 1, a: 1}
    m_HighlightedColor: {r: 0.9607843, g: 0.9607843, b: 0.9607843, a: 1}
    m_PressedColor: {r: 0.78431374, g: 0.78431374, b: 0.78431374, a: 1}
    m_SelectedColor: {r: 0.9607843, g: 0.9607843, b: 0.9607843, a: 1}
    m_DisabledColor: {r: 0.78431374, g: 0.78431374, b: 0.78431374, a: 0.5019608}
    m_ColorMultiplier: 1
    m_FadeDuration: 0.1
  m_SpriteState:
    m_HighlightedSprite: {fileID: 0}
    m_PressedSprite: {fileID: 0}
    m_SelectedSprite: {fileID: 0}
    m_DisabledSprite: {fileID: 0}
  m_AnimationTriggers:
    m_NormalTrigger: Normal
    m_HighlightedTrigger: Highlighted
    m_PressedTrigger: Pressed
    m_SelectedTrigger: Selected
    m_DisabledTrigger: Disabled
  m_Interactable: 1
  m_TargetGraphic: {fileID: 1080084555}
  m_OnClick:
    m_PersistentCalls:
      m_Calls:
      - m_Target: {fileID: 588394099}
        m_TargetAssemblyTypeName: Patipat.GameDev3.Chapter6.GameAppFlowManager, Assembly-CSharp
        m_MethodName: UnloadScene
        m_Mode: 5
        m_Arguments:
          m_ObjectArgument: {fileID: 0}
          m_ObjectArgumentAssemblyTypeName: UnityEngine.Object, UnityEngine
          m_IntArgument: 0
          m_FloatArgument: 0
          m_StringArgument: Option
          m_BoolArgument: 0
        m_CallState: 2
--- !u!114 &1080084555
MonoBehaviour:
  m_ObjectHideFlags: 0
  m_CorrespondingSourceObject: {fileID: 0}
  m_PrefabInstance: {fileID: 0}
  m_PrefabAsset: {fileID: 0}
  m_GameObject: {fileID: 1080084552}
  m_Enabled: 1
  m_EditorHideFlags: 0
  m_Script: {fileID: 11500000, guid: fe87c0e1cc204ed48ad3b37840f39efc, type: 3}
  m_Name: 
  m_EditorClassIdentifier: 
  m_Material: {fileID: 0}
  m_Color: {r: 1, g: 1, b: 1, a: 1}
  m_RaycastTarget: 1
  m_RaycastPadding: {x: 0, y: 0, z: 0, w: 0}
  m_Maskable: 1
  m_OnCullStateChanged:
    m_PersistentCalls:
      m_Calls: []
  m_Sprite: {fileID: 21300000, guid: 94da37f72cec84f4d85670375e266d7d, type: 3}
  m_Type: 0
  m_PreserveAspect: 0
  m_FillCenter: 1
  m_FillMethod: 4
  m_FillAmount: 1
  m_FillClockwise: 1
  m_FillOrigin: 0
  m_UseSpriteMesh: 0
  m_PixelsPerUnitMultiplier: 1
--- !u!222 &1080084556
CanvasRenderer:
  m_ObjectHideFlags: 0
  m_CorrespondingSourceObject: {fileID: 0}
  m_PrefabInstance: {fileID: 0}
  m_PrefabAsset: {fileID: 0}
  m_GameObject: {fileID: 1080084552}
  m_CullTransparentMesh: 1
--- !u!1 &1337666469
GameObject:
  m_ObjectHideFlags: 0
  m_CorrespondingSourceObject: {fileID: 0}
  m_PrefabInstance: {fileID: 0}
  m_PrefabAsset: {fileID: 0}
  serializedVersion: 6
  m_Component:
  - component: {fileID: 1337666471}
  - component: {fileID: 1337666470}
  - component: {fileID: 1337666472}
  m_Layer: 0
  m_Name: Directional Light
  m_TagString: Untagged
  m_Icon: {fileID: 0}
  m_NavMeshLayer: 0
  m_StaticEditorFlags: 0
  m_IsActive: 1
--- !u!108 &1337666470
Light:
  m_ObjectHideFlags: 0
  m_CorrespondingSourceObject: {fileID: 0}
  m_PrefabInstance: {fileID: 0}
  m_PrefabAsset: {fileID: 0}
  m_GameObject: {fileID: 1337666469}
  m_Enabled: 1
  serializedVersion: 10
  m_Type: 1
  m_Shape: 0
  m_Color: {r: 1, g: 0.95686275, b: 0.8392157, a: 1}
  m_Intensity: 100000
  m_Range: 10
  m_SpotAngle: 30
  m_InnerSpotAngle: 21.80208
  m_CookieSize: 10
  m_Shadows:
    m_Type: 2
    m_Resolution: -1
    m_CustomResolution: -1
    m_Strength: 1
    m_Bias: 0.05
    m_NormalBias: 0.4
    m_NearPlane: 0.2
    m_CullingMatrixOverride:
      e00: 1
      e01: 0
      e02: 0
      e03: 0
      e10: 0
      e11: 1
      e12: 0
      e13: 0
      e20: 0
      e21: 0
      e22: 1
      e23: 0
      e30: 0
      e31: 0
      e32: 0
      e33: 1
    m_UseCullingMatrixOverride: 0
  m_Cookie: {fileID: 0}
  m_DrawHalo: 0
  m_Flare: {fileID: 0}
  m_RenderMode: 0
  m_CullingMask:
    serializedVersion: 2
    m_Bits: 4294967295
  m_RenderingLayerMask: 1
  m_Lightmapping: 4
  m_LightShadowCasterMode: 2
  m_AreaSize: {x: 1, y: 1}
  m_BounceIntensity: 1
  m_ColorTemperature: 6570
  m_UseColorTemperature: 1
  m_BoundingSphereOverride: {x: 0, y: 0, z: 0, w: 1}
  m_UseBoundingSphereOverride: 0
  m_UseViewFrustumForShadowCasterCull: 1
  m_ShadowRadius: 0
  m_ShadowAngle: 0
--- !u!4 &1337666471
Transform:
  m_ObjectHideFlags: 0
  m_CorrespondingSourceObject: {fileID: 0}
  m_PrefabInstance: {fileID: 0}
  m_PrefabAsset: {fileID: 0}
  m_GameObject: {fileID: 1337666469}
  m_LocalRotation: {x: 0.40821788, y: -0.23456968, z: 0.10938163, w: 0.8754261}
  m_LocalPosition: {x: 0, y: 3, z: 0}
  m_LocalScale: {x: 1, y: 1, z: 1}
  m_ConstrainProportionsScale: 0
  m_Children: []
  m_Father: {fileID: 0}
  m_RootOrder: 1
  m_LocalEulerAnglesHint: {x: 50, y: -30, z: 0}
--- !u!114 &1337666472
MonoBehaviour:
  m_ObjectHideFlags: 0
  m_CorrespondingSourceObject: {fileID: 0}
  m_PrefabInstance: {fileID: 0}
  m_PrefabAsset: {fileID: 0}
  m_GameObject: {fileID: 1337666469}
  m_Enabled: 1
  m_EditorHideFlags: 0
  m_Script: {fileID: 11500000, guid: 7a68c43fe1f2a47cfa234b5eeaa98012, type: 3}
  m_Name: 
  m_EditorClassIdentifier: 
  m_Intensity: 100000
  m_EnableSpotReflector: 1
  m_LuxAtDistance: 1
  m_InnerSpotPercent: 0
  m_SpotIESCutoffPercent: 100
  m_LightDimmer: 1
  m_VolumetricDimmer: 1
  m_LightUnit: 2
  m_FadeDistance: 10000
  m_VolumetricFadeDistance: 10000
  m_AffectDiffuse: 1
  m_AffectSpecular: 1
  m_NonLightmappedOnly: 0
  m_ShapeWidth: 0.5
  m_ShapeHeight: 0.5
  m_AspectRatio: 1
  m_ShapeRadius: 0.025
  m_SoftnessScale: 1
  m_UseCustomSpotLightShadowCone: 0
  m_CustomSpotLightShadowCone: 30
  m_MaxSmoothness: 0.99
  m_ApplyRangeAttenuation: 1
  m_DisplayAreaLightEmissiveMesh: 0
  m_AreaLightCookie: {fileID: 0}
  m_IESPoint: {fileID: 0}
  m_IESSpot: {fileID: 0}
  m_IncludeForRayTracing: 1
  m_AreaLightShadowCone: 120
  m_UseScreenSpaceShadows: 0
  m_InteractsWithSky: 1
  m_AngularDiameter: 0.5
  m_FlareSize: 2
  m_FlareTint: {r: 1, g: 1, b: 1, a: 1}
  m_FlareFalloff: 4
  m_SurfaceTexture: {fileID: 0}
  m_SurfaceTint: {r: 1, g: 1, b: 1, a: 1}
  m_Distance: 1.5e+11
  m_UseRayTracedShadows: 0
  m_NumRayTracingSamples: 4
  m_FilterTracedShadow: 1
  m_FilterSizeTraced: 16
  m_SunLightConeAngle: 0.5
  m_LightShadowRadius: 0.5
  m_SemiTransparentShadow: 0
  m_ColorShadow: 1
  m_DistanceBasedFiltering: 0
  m_EvsmExponent: 15
  m_EvsmLightLeakBias: 0
  m_EvsmVarianceBias: 0.00001
  m_EvsmBlurPasses: 0
  m_LightlayersMask: 1
  m_LinkShadowLayers: 1
  m_ShadowNearPlane: 0.1
  m_BlockerSampleCount: 24
  m_FilterSampleCount: 16
  m_MinFilterSize: 0.1
  m_KernelSize: 5
  m_LightAngle: 1
  m_MaxDepthBias: 0.001
  m_ShadowResolution:
    m_Override: 512
    m_UseOverride: 1
    m_Level: 0
  m_ShadowDimmer: 1
  m_VolumetricShadowDimmer: 1
  m_ShadowFadeDistance: 10000
  m_UseContactShadow:
    m_Override: 0
    m_UseOverride: 1
    m_Level: 0
  m_RayTracedContactShadow: 0
  m_ShadowTint: {r: 0, g: 0, b: 0, a: 1}
  m_PenumbraTint: 0
  m_NormalBias: 0.75
  m_SlopeBias: 0.5
  m_ShadowUpdateMode: 0
  m_AlwaysDrawDynamicShadows: 0
  m_UpdateShadowOnLightMovement: 0
  m_CachedShadowTranslationThreshold: 0.01
  m_CachedShadowAngularThreshold: 0.5
  m_BarnDoorAngle: 90
  m_BarnDoorLength: 0.05
  m_preserveCachedShadow: 0
  m_OnDemandShadowRenderOnPlacement: 1
  m_ShadowCascadeRatios:
  - 0.05
  - 0.2
  - 0.3
  m_ShadowCascadeBorders:
  - 0.2
  - 0.2
  - 0.2
  - 0.2
  m_ShadowAlgorithm: 0
  m_ShadowVariant: 0
  m_ShadowPrecision: 0
  useOldInspector: 0
  useVolumetric: 1
  featuresFoldout: 1
  m_AreaLightEmissiveMeshShadowCastingMode: 0
  m_AreaLightEmissiveMeshMotionVectorGenerationMode: 0
  m_AreaLightEmissiveMeshLayer: -1
  m_Version: 11
  m_ObsoleteShadowResolutionTier: 1
  m_ObsoleteUseShadowQualitySettings: 0
  m_ObsoleteCustomShadowResolution: 512
  m_ObsoleteContactShadows: 0
  m_PointlightHDType: 0
  m_SpotLightShape: 0
  m_AreaLightShape: 0
--- !u!224 &1461766734 stripped
RectTransform:
  m_CorrespondingSourceObject: {fileID: 8554173296933725869, guid: 1bb2715187b980d489e2db852186842c, type: 3}
  m_PrefabInstance: {fileID: 765224826}
  m_PrefabAsset: {fileID: 0}
--- !u!1001 &1832200046
PrefabInstance:
  m_ObjectHideFlags: 0
  serializedVersion: 2
  m_Modification:
    m_TransformParent: {fileID: 718487177}
    m_Modifications:
    - target: {fileID: 1928040183256327523, guid: 6a86d64a406edb148b55973e746989a8, type: 3}
      propertyPath: m_AnchorMax.x
      value: 0
      objectReference: {fileID: 0}
    - target: {fileID: 1928040183256327523, guid: 6a86d64a406edb148b55973e746989a8, type: 3}
      propertyPath: m_AnchorMax.y
      value: 0
      objectReference: {fileID: 0}
    - target: {fileID: 1928040183256327523, guid: 6a86d64a406edb148b55973e746989a8, type: 3}
      propertyPath: m_AnchorMin.x
      value: 0
      objectReference: {fileID: 0}
    - target: {fileID: 1928040183598361938, guid: 6a86d64a406edb148b55973e746989a8, type: 3}
      propertyPath: m_AnchorMax.x
      value: 0
      objectReference: {fileID: 0}
    - target: {fileID: 1928040183598361938, guid: 6a86d64a406edb148b55973e746989a8, type: 3}
      propertyPath: m_AnchorMax.y
      value: 0
      objectReference: {fileID: 0}
    - target: {fileID: 1928040183751989776, guid: 6a86d64a406edb148b55973e746989a8, type: 3}
      propertyPath: m_Name
      value: Label - Volume (1)
      objectReference: {fileID: 0}
    - target: {fileID: 1928040183751989783, guid: 6a86d64a406edb148b55973e746989a8, type: 3}
      propertyPath: m_Pivot.x
      value: 0.5
      objectReference: {fileID: 0}
    - target: {fileID: 1928040183751989783, guid: 6a86d64a406edb148b55973e746989a8, type: 3}
      propertyPath: m_Pivot.y
      value: 0.5
      objectReference: {fileID: 0}
    - target: {fileID: 1928040183751989783, guid: 6a86d64a406edb148b55973e746989a8, type: 3}
      propertyPath: m_RootOrder
      value: 2
      objectReference: {fileID: 0}
    - target: {fileID: 1928040183751989783, guid: 6a86d64a406edb148b55973e746989a8, type: 3}
      propertyPath: m_AnchorMax.x
      value: 0
      objectReference: {fileID: 0}
    - target: {fileID: 1928040183751989783, guid: 6a86d64a406edb148b55973e746989a8, type: 3}
      propertyPath: m_AnchorMax.y
      value: 0
      objectReference: {fileID: 0}
    - target: {fileID: 1928040183751989783, guid: 6a86d64a406edb148b55973e746989a8, type: 3}
      propertyPath: m_AnchorMin.x
      value: 0
      objectReference: {fileID: 0}
    - target: {fileID: 1928040183751989783, guid: 6a86d64a406edb148b55973e746989a8, type: 3}
      propertyPath: m_AnchorMin.y
      value: 0
      objectReference: {fileID: 0}
    - target: {fileID: 1928040183751989783, guid: 6a86d64a406edb148b55973e746989a8, type: 3}
      propertyPath: m_SizeDelta.x
      value: 363.038
      objectReference: {fileID: 0}
    - target: {fileID: 1928040183751989783, guid: 6a86d64a406edb148b55973e746989a8, type: 3}
      propertyPath: m_SizeDelta.y
      value: 34.8831
      objectReference: {fileID: 0}
    - target: {fileID: 1928040183751989783, guid: 6a86d64a406edb148b55973e746989a8, type: 3}
      propertyPath: m_LocalPosition.x
      value: 0
      objectReference: {fileID: 0}
    - target: {fileID: 1928040183751989783, guid: 6a86d64a406edb148b55973e746989a8, type: 3}
      propertyPath: m_LocalPosition.y
      value: 0
      objectReference: {fileID: 0}
    - target: {fileID: 1928040183751989783, guid: 6a86d64a406edb148b55973e746989a8, type: 3}
      propertyPath: m_LocalPosition.z
      value: 0
      objectReference: {fileID: 0}
    - target: {fileID: 1928040183751989783, guid: 6a86d64a406edb148b55973e746989a8, type: 3}
      propertyPath: m_LocalRotation.w
      value: 1
      objectReference: {fileID: 0}
    - target: {fileID: 1928040183751989783, guid: 6a86d64a406edb148b55973e746989a8, type: 3}
      propertyPath: m_LocalRotation.x
      value: 0
      objectReference: {fileID: 0}
    - target: {fileID: 1928040183751989783, guid: 6a86d64a406edb148b55973e746989a8, type: 3}
      propertyPath: m_LocalRotation.y
      value: 0
      objectReference: {fileID: 0}
    - target: {fileID: 1928040183751989783, guid: 6a86d64a406edb148b55973e746989a8, type: 3}
      propertyPath: m_LocalRotation.z
      value: 0
      objectReference: {fileID: 0}
    - target: {fileID: 1928040183751989783, guid: 6a86d64a406edb148b55973e746989a8, type: 3}
      propertyPath: m_AnchoredPosition.x
      value: 0
      objectReference: {fileID: 0}
    - target: {fileID: 1928040183751989783, guid: 6a86d64a406edb148b55973e746989a8, type: 3}
      propertyPath: m_AnchoredPosition.y
      value: 0
      objectReference: {fileID: 0}
    - target: {fileID: 1928040183751989783, guid: 6a86d64a406edb148b55973e746989a8, type: 3}
      propertyPath: m_LocalEulerAnglesHint.x
      value: 0
      objectReference: {fileID: 0}
    - target: {fileID: 1928040183751989783, guid: 6a86d64a406edb148b55973e746989a8, type: 3}
      propertyPath: m_LocalEulerAnglesHint.y
      value: 0
      objectReference: {fileID: 0}
    - target: {fileID: 1928040183751989783, guid: 6a86d64a406edb148b55973e746989a8, type: 3}
      propertyPath: m_LocalEulerAnglesHint.z
      value: 0
      objectReference: {fileID: 0}
    - target: {fileID: 1928040183797403481, guid: 6a86d64a406edb148b55973e746989a8, type: 3}
      propertyPath: m_OnValueChanged.m_PersistentCalls.m_Calls.Array.data[0].m_Target
      value: 
      objectReference: {fileID: 347678057}
    - target: {fileID: 1928040183797403481, guid: 6a86d64a406edb148b55973e746989a8, type: 3}
      propertyPath: m_OnValueChanged.m_PersistentCalls.m_Calls.Array.data[0].m_MethodName
      value: SetSFXVolume
      objectReference: {fileID: 0}
    - target: {fileID: 1928040183797403482, guid: 6a86d64a406edb148b55973e746989a8, type: 3}
      propertyPath: m_AnchorMax.y
      value: 0
      objectReference: {fileID: 0}
    - target: {fileID: 1928040183797403482, guid: 6a86d64a406edb148b55973e746989a8, type: 3}
      propertyPath: m_AnchorMin.y
      value: 0
      objectReference: {fileID: 0}
    - target: {fileID: 1928040183797403482, guid: 6a86d64a406edb148b55973e746989a8, type: 3}
      propertyPath: m_AnchoredPosition.x
      value: 0
      objectReference: {fileID: 0}
    - target: {fileID: 1928040183797403482, guid: 6a86d64a406edb148b55973e746989a8, type: 3}
      propertyPath: m_AnchoredPosition.y
      value: 0
      objectReference: {fileID: 0}
    - target: {fileID: 1928040183797403483, guid: 6a86d64a406edb148b55973e746989a8, type: 3}
      propertyPath: m_Name
      value: Slider-SFX
      objectReference: {fileID: 0}
    - target: {fileID: 1928040183860120357, guid: 6a86d64a406edb148b55973e746989a8, type: 3}
      propertyPath: m_text
      value: 'SFX Volume

'
      objectReference: {fileID: 0}
    - target: {fileID: 1928040183860120358, guid: 6a86d64a406edb148b55973e746989a8, type: 3}
      propertyPath: m_AnchorMax.y
      value: 0
      objectReference: {fileID: 0}
    - target: {fileID: 1928040183860120358, guid: 6a86d64a406edb148b55973e746989a8, type: 3}
      propertyPath: m_AnchorMin.y
      value: 0
      objectReference: {fileID: 0}
    - target: {fileID: 1928040183860120358, guid: 6a86d64a406edb148b55973e746989a8, type: 3}
      propertyPath: m_AnchoredPosition.x
      value: 0
      objectReference: {fileID: 0}
    - target: {fileID: 1928040183860120358, guid: 6a86d64a406edb148b55973e746989a8, type: 3}
      propertyPath: m_AnchoredPosition.y
      value: 0
      objectReference: {fileID: 0}
    m_RemovedComponents: []
  m_SourcePrefab: {fileID: 100100000, guid: 6a86d64a406edb148b55973e746989a8, type: 3}
--- !u!224 &1832200047 stripped
RectTransform:
  m_CorrespondingSourceObject: {fileID: 1928040183751989783, guid: 6a86d64a406edb148b55973e746989a8, type: 3}
  m_PrefabInstance: {fileID: 1832200046}
  m_PrefabAsset: {fileID: 0}
--- !u!1 &1847163506
GameObject:
  m_ObjectHideFlags: 0
  m_CorrespondingSourceObject: {fileID: 0}
  m_PrefabInstance: {fileID: 0}
  m_PrefabAsset: {fileID: 0}
  serializedVersion: 6
  m_Component:
  - component: {fileID: 1847163507}
  - component: {fileID: 1847163509}
  - component: {fileID: 1847163508}
  m_Layer: 5
  m_Name: Panel
  m_TagString: Untagged
  m_Icon: {fileID: 0}
  m_NavMeshLayer: 0
  m_StaticEditorFlags: 0
  m_IsActive: 1
--- !u!224 &1847163507
RectTransform:
  m_ObjectHideFlags: 0
  m_CorrespondingSourceObject: {fileID: 0}
  m_PrefabInstance: {fileID: 0}
  m_PrefabAsset: {fileID: 0}
  m_GameObject: {fileID: 1847163506}
  m_LocalRotation: {x: 0, y: 0, z: 0, w: 1}
  m_LocalPosition: {x: 0, y: 0, z: 0}
  m_LocalScale: {x: 0.81438, y: 0.81438, z: 0.81438}
  m_ConstrainProportionsScale: 0
  m_Children:
  - {fileID: 718487177}
  - {fileID: 1953379215}
  m_Father: {fileID: 2005476470}
  m_RootOrder: 0
  m_LocalEulerAnglesHint: {x: 0, y: 0, z: 0}
  m_AnchorMin: {x: 0, y: 0}
  m_AnchorMax: {x: 1, y: 1}
  m_AnchoredPosition: {x: 0, y: 0}
  m_SizeDelta: {x: 0, y: 0}
  m_Pivot: {x: 0.5, y: 0.5}
--- !u!114 &1847163508
MonoBehaviour:
  m_ObjectHideFlags: 0
  m_CorrespondingSourceObject: {fileID: 0}
  m_PrefabInstance: {fileID: 0}
  m_PrefabAsset: {fileID: 0}
  m_GameObject: {fileID: 1847163506}
  m_Enabled: 1
  m_EditorHideFlags: 0
  m_Script: {fileID: 11500000, guid: fe87c0e1cc204ed48ad3b37840f39efc, type: 3}
  m_Name: 
  m_EditorClassIdentifier: 
  m_Material: {fileID: 0}
  m_Color: {r: 1, g: 1, b: 1, a: 1}
  m_RaycastTarget: 1
  m_RaycastPadding: {x: 0, y: 0, z: 0, w: 0}
  m_Maskable: 1
  m_OnCullStateChanged:
    m_PersistentCalls:
      m_Calls: []
  m_Sprite: {fileID: 21300000, guid: a6425e8c563b70c4c92b3d6ff322727c, type: 3}
  m_Type: 0
  m_PreserveAspect: 0
  m_FillCenter: 1
  m_FillMethod: 4
  m_FillAmount: 1
  m_FillClockwise: 1
  m_FillOrigin: 0
  m_UseSpriteMesh: 0
  m_PixelsPerUnitMultiplier: 1
--- !u!222 &1847163509
CanvasRenderer:
  m_ObjectHideFlags: 0
  m_CorrespondingSourceObject: {fileID: 0}
  m_PrefabInstance: {fileID: 0}
  m_PrefabAsset: {fileID: 0}
  m_GameObject: {fileID: 1847163506}
  m_CullTransparentMesh: 1
--- !u!1 &1849500981
GameObject:
  m_ObjectHideFlags: 0
  m_CorrespondingSourceObject: {fileID: 0}
  m_PrefabInstance: {fileID: 0}
  m_PrefabAsset: {fileID: 0}
  serializedVersion: 6
  m_Component:
  - component: {fileID: 1849500982}
  - component: {fileID: 1849500984}
  - component: {fileID: 1849500983}
  m_Layer: 5
  m_Name: Text (TMP)
  m_TagString: Untagged
  m_Icon: {fileID: 0}
  m_NavMeshLayer: 0
  m_StaticEditorFlags: 0
  m_IsActive: 1
--- !u!224 &1849500982
RectTransform:
  m_ObjectHideFlags: 0
  m_CorrespondingSourceObject: {fileID: 0}
  m_PrefabInstance: {fileID: 0}
  m_PrefabAsset: {fileID: 0}
  m_GameObject: {fileID: 1849500981}
  m_LocalRotation: {x: 0, y: 0, z: 0, w: 1}
  m_LocalPosition: {x: 0, y: 0, z: 0}
  m_LocalScale: {x: 1, y: 1, z: 1}
  m_ConstrainProportionsScale: 0
  m_Children: []
  m_Father: {fileID: 1080084553}
  m_RootOrder: 0
  m_LocalEulerAnglesHint: {x: 0, y: 0, z: 0}
  m_AnchorMin: {x: 0, y: 0}
  m_AnchorMax: {x: 1, y: 1}
  m_AnchoredPosition: {x: 0, y: 0}
  m_SizeDelta: {x: 0, y: 0}
  m_Pivot: {x: 0.5, y: 0.5}
--- !u!114 &1849500983
MonoBehaviour:
  m_ObjectHideFlags: 0
  m_CorrespondingSourceObject: {fileID: 0}
  m_PrefabInstance: {fileID: 0}
  m_PrefabAsset: {fileID: 0}
  m_GameObject: {fileID: 1849500981}
  m_Enabled: 1
  m_EditorHideFlags: 0
  m_Script: {fileID: 11500000, guid: f4688fdb7df04437aeb418b961361dc5, type: 3}
  m_Name: 
  m_EditorClassIdentifier: 
  m_Material: {fileID: 0}
  m_Color: {r: 1, g: 1, b: 1, a: 1}
  m_RaycastTarget: 1
  m_RaycastPadding: {x: 0, y: 0, z: 0, w: 0}
  m_Maskable: 1
  m_OnCullStateChanged:
    m_PersistentCalls:
      m_Calls: []
  m_text: Back
  m_isRightToLeft: 0
  m_fontAsset: {fileID: 11400000, guid: 8a7c031e1ebb4ac4582c5069ee2a4818, type: 2}
  m_sharedMaterial: {fileID: 8954817779151906720, guid: 8a7c031e1ebb4ac4582c5069ee2a4818, type: 2}
  m_fontSharedMaterials: []
  m_fontMaterial: {fileID: 0}
  m_fontMaterials: []
  m_fontColor32:
    serializedVersion: 2
    rgba: 4278190080
  m_fontColor: {r: 0, g: 0, b: 0, a: 1}
  m_enableVertexGradient: 0
  m_colorMode: 3
  m_fontColorGradient:
    topLeft: {r: 1, g: 1, b: 1, a: 1}
    topRight: {r: 1, g: 1, b: 1, a: 1}
    bottomLeft: {r: 1, g: 1, b: 1, a: 1}
    bottomRight: {r: 1, g: 1, b: 1, a: 1}
  m_fontColorGradientPreset: {fileID: 0}
  m_spriteAsset: {fileID: 0}
  m_tintAllSprites: 0
  m_StyleSheet: {fileID: 0}
  m_TextStyleHashCode: -1183493901
  m_overrideHtmlColors: 0
  m_faceColor:
    serializedVersion: 2
    rgba: 4294967295
  m_fontSize: 24
  m_fontSizeBase: 24
  m_fontWeight: 400
  m_enableAutoSizing: 0
  m_fontSizeMin: 18
  m_fontSizeMax: 72
  m_fontStyle: 0
  m_HorizontalAlignment: 2
  m_VerticalAlignment: 512
  m_textAlignment: 65535
  m_characterSpacing: 0
  m_wordSpacing: 0
  m_lineSpacing: 0
  m_lineSpacingMax: 0
  m_paragraphSpacing: 0
  m_charWidthMaxAdj: 0
  m_enableWordWrapping: 1
  m_wordWrappingRatios: 0.4
  m_overflowMode: 0
  m_linkedTextComponent: {fileID: 0}
  parentLinkedComponent: {fileID: 0}
  m_enableKerning: 1
  m_enableExtraPadding: 0
  checkPaddingRequired: 0
  m_isRichText: 1
  m_parseCtrlCharacters: 1
  m_isOrthographic: 1
  m_isCullingEnabled: 0
  m_horizontalMapping: 0
  m_verticalMapping: 0
  m_uvLineOffset: 0
  m_geometrySortingOrder: 0
  m_IsTextObjectScaleStatic: 0
  m_VertexBufferAutoSizeReduction: 0
  m_useMaxVisibleDescender: 1
  m_pageToDisplay: 1
  m_margin: {x: 0, y: 0, z: 0, w: 0}
  m_isUsingLegacyAnimationComponent: 0
  m_isVolumetricText: 0
  m_hasFontAssetChanged: 0
  m_baseMaterial: {fileID: 0}
  m_maskOffset: {x: 0, y: 0, z: 0, w: 0}
--- !u!222 &1849500984
CanvasRenderer:
  m_ObjectHideFlags: 0
  m_CorrespondingSourceObject: {fileID: 0}
  m_PrefabInstance: {fileID: 0}
  m_PrefabAsset: {fileID: 0}
  m_GameObject: {fileID: 1849500981}
  m_CullTransparentMesh: 1
--- !u!1 &1953379214
GameObject:
  m_ObjectHideFlags: 0
  m_CorrespondingSourceObject: {fileID: 0}
  m_PrefabInstance: {fileID: 0}
  m_PrefabAsset: {fileID: 0}
  serializedVersion: 6
  m_Component:
  - component: {fileID: 1953379215}
  - component: {fileID: 1953379216}
  m_Layer: 5
  m_Name: H-Layout
  m_TagString: Untagged
  m_Icon: {fileID: 0}
  m_NavMeshLayer: 0
  m_StaticEditorFlags: 0
  m_IsActive: 1
--- !u!224 &1953379215
RectTransform:
  m_ObjectHideFlags: 0
  m_CorrespondingSourceObject: {fileID: 0}
  m_PrefabInstance: {fileID: 0}
  m_PrefabAsset: {fileID: 0}
  m_GameObject: {fileID: 1953379214}
  m_LocalRotation: {x: 0, y: 0, z: 0, w: 1}
  m_LocalPosition: {x: 0, y: 0, z: 0}
  m_LocalScale: {x: 1, y: 1, z: 1}
  m_ConstrainProportionsScale: 0
  m_Children:
  - {fileID: 1461766734}
  - {fileID: 2002108680}
  m_Father: {fileID: 1847163507}
  m_RootOrder: 1
  m_LocalEulerAnglesHint: {x: 0, y: 0, z: 0}
  m_AnchorMin: {x: 0.5, y: 0}
  m_AnchorMax: {x: 0.5, y: 0}
  m_AnchoredPosition: {x: -121, y: 224}
  m_SizeDelta: {x: 100, y: 100}
  m_Pivot: {x: 0.5, y: 0}
--- !u!114 &1953379216
MonoBehaviour:
  m_ObjectHideFlags: 0
  m_CorrespondingSourceObject: {fileID: 0}
  m_PrefabInstance: {fileID: 0}
  m_PrefabAsset: {fileID: 0}
  m_GameObject: {fileID: 1953379214}
  m_Enabled: 1
  m_EditorHideFlags: 0
  m_Script: {fileID: 11500000, guid: 30649d3a9faa99c48a7b1166b86bf2a0, type: 3}
  m_Name: 
  m_EditorClassIdentifier: 
  m_Padding:
    m_Left: 0
    m_Right: 0
    m_Top: 0
    m_Bottom: 0
  m_ChildAlignment: 4
  m_Spacing: 400
  m_ChildForceExpandWidth: 1
  m_ChildForceExpandHeight: 1
  m_ChildControlWidth: 0
  m_ChildControlHeight: 0
  m_ChildScaleWidth: 0
  m_ChildScaleHeight: 0
  m_ReverseArrangement: 0
--- !u!224 &2002108680 stripped
RectTransform:
  m_CorrespondingSourceObject: {fileID: 8554173296933725869, guid: 1bb2715187b980d489e2db852186842c, type: 3}
  m_PrefabInstance: {fileID: 291967004}
  m_PrefabAsset: {fileID: 0}
--- !u!1 &2005476469
GameObject:
  m_ObjectHideFlags: 0
  m_CorrespondingSourceObject: {fileID: 0}
  m_PrefabInstance: {fileID: 0}
  m_PrefabAsset: {fileID: 0}
  serializedVersion: 6
  m_Component:
  - component: {fileID: 2005476470}
  - component: {fileID: 2005476473}
  - component: {fileID: 2005476472}
  - component: {fileID: 2005476471}
  m_Layer: 5
  m_Name: Canvas
  m_TagString: Untagged
  m_Icon: {fileID: 0}
  m_NavMeshLayer: 0
  m_StaticEditorFlags: 0
  m_IsActive: 1
--- !u!224 &2005476470
RectTransform:
  m_ObjectHideFlags: 0
  m_CorrespondingSourceObject: {fileID: 0}
  m_PrefabInstance: {fileID: 0}
  m_PrefabAsset: {fileID: 0}
  m_GameObject: {fileID: 2005476469}
  m_LocalRotation: {x: 0, y: 0, z: 0, w: 1}
  m_LocalPosition: {x: 0, y: 0, z: 0}
  m_LocalScale: {x: 0, y: 0, z: 0}
  m_ConstrainProportionsScale: 0
  m_Children:
  - {fileID: 1847163507}
  - {fileID: 1080084553}
  m_Father: {fileID: 0}
  m_RootOrder: 2
  m_LocalEulerAnglesHint: {x: 0, y: 0, z: 0}
  m_AnchorMin: {x: 0, y: 0}
  m_AnchorMax: {x: 0, y: 0}
  m_AnchoredPosition: {x: 0, y: 0}
  m_SizeDelta: {x: 0, y: 0}
  m_Pivot: {x: 0, y: 0}
--- !u!114 &2005476471
MonoBehaviour:
  m_ObjectHideFlags: 0
  m_CorrespondingSourceObject: {fileID: 0}
  m_PrefabInstance: {fileID: 0}
  m_PrefabAsset: {fileID: 0}
  m_GameObject: {fileID: 2005476469}
  m_Enabled: 1
  m_EditorHideFlags: 0
  m_Script: {fileID: 11500000, guid: dc42784cf147c0c48a680349fa168899, type: 3}
  m_Name: 
  m_EditorClassIdentifier: 
  m_IgnoreReversedGraphics: 1
  m_BlockingObjects: 0
  m_BlockingMask:
    serializedVersion: 2
    m_Bits: 4294967295
--- !u!114 &2005476472
MonoBehaviour:
  m_ObjectHideFlags: 0
  m_CorrespondingSourceObject: {fileID: 0}
  m_PrefabInstance: {fileID: 0}
  m_PrefabAsset: {fileID: 0}
  m_GameObject: {fileID: 2005476469}
  m_Enabled: 1
  m_EditorHideFlags: 0
  m_Script: {fileID: 11500000, guid: 0cd44c1031e13a943bb63640046fad76, type: 3}
  m_Name: 
  m_EditorClassIdentifier: 
  m_UiScaleMode: 1
  m_ReferencePixelsPerUnit: 100
  m_ScaleFactor: 1
  m_ReferenceResolution: {x: 1920, y: 1080}
  m_ScreenMatchMode: 0
  m_MatchWidthOrHeight: 0
  m_PhysicalUnit: 3
  m_FallbackScreenDPI: 96
  m_DefaultSpriteDPI: 96
  m_DynamicPixelsPerUnit: 1
  m_PresetInfoIsWorld: 0
--- !u!223 &2005476473
Canvas:
  m_ObjectHideFlags: 0
  m_CorrespondingSourceObject: {fileID: 0}
  m_PrefabInstance: {fileID: 0}
  m_PrefabAsset: {fileID: 0}
  m_GameObject: {fileID: 2005476469}
  m_Enabled: 1
  serializedVersion: 3
  m_RenderMode: 0
  m_Camera: {fileID: 0}
  m_PlaneDistance: 100
  m_PixelPerfect: 0
  m_ReceivesEvents: 1
  m_OverrideSorting: 0
  m_OverridePixelPerfect: 0
  m_SortingBucketNormalizedSize: 0
  m_AdditionalShaderChannelsFlag: 25
  m_SortingLayerID: 0
  m_SortingOrder: 0
  m_TargetDisplay: 0
--- !u!114 &2036206080 stripped
MonoBehaviour:
  m_CorrespondingSourceObject: {fileID: 1928040183797403481, guid: 6a86d64a406edb148b55973e746989a8, type: 3}
  m_PrefabInstance: {fileID: 1832200046}
  m_PrefabAsset: {fileID: 0}
  m_GameObject: {fileID: 0}
  m_Enabled: 1
  m_EditorHideFlags: 0
  m_Script: {fileID: 11500000, guid: 67db9e8f0e2ae9c40bc1e2b64352a6b4, type: 3}
  m_Name: 
  m_EditorClassIdentifier: 
